{"event_ts": "2026-06-27T10:34:12.218Z", "symbol": "BTCUSDT", "price": 60913.87, "qty": 0.020265, "side": "sell", "trade_id": "BTCUSDT-1000490"}
{"event_ts": "2026-06-27T10:34:22.294Z", "symbol": "BTCUSDT", "price": 60920.02, "qty": 0.035351, "side": "buy", "trade_id": "BTCUSDT-1000491"}
{"event_ts": "2026-06-27T10:34:44.138Z", "symbol": "BTCUSDT", "price": 60929.47, "qty": 0.025234, "side": "buy", "trade_id": "BTCUSDT-1000492"}
{"event_ts": "2026-06-27T10:34:02.818Z", "symbol": "BTCUSDT", "price": 60952.63, "qty": 0.022065, "side": "sell", "trade_id": "BTCUSDT-1000493"}
{"event_ts": "2026-06-27T10:34:01.426Z", "symbol": "BTCUSDT", "price": 60969.79, "qty": 0.047665, "side": "sell", "trade_id": "BTCUSDT-1000494"}
{"event_ts": "2026-06-27T10:34:38.443Z", "symbol": "BTCUSDT", "price": 60949.57, "qty": 0.04111, "side": "sell", "trade_id": "BTCUSDT-1000495"}
{"event_ts": "2026-06-27T10:34:40.539Z", "symbol": "BTCUSDT", "price": 60960.68, "qty": 0.044196, "side": "sell", "trade_id": "BTCUSDT-1000496"}
{"event_ts": "2026-06-27T10:34:07.169Z", "symbol": "BTCUSDT", "price": 60956.94, "qty": 0.037604, "side": "sell", "trade_id": "BTCUSDT-1000497"}
{"event_ts": "2026-06-27T10:34:14.061Z", "symbol": "BTCUSDT", "price": 60938.09, "qty": 0.037618, "side": "sell", "trade_id": "BTCUSDT-1000498"}
{"event_ts": "2026-06-27T10:34:39.515Z", "symbol": "BTCUSDT", "price": 60943.48, "qty": 0.031232, "side": "buy", "trade_id": "BTCUSDT-1000499"}
{"event_ts": "2026-06-27T10:34:40.886Z", "symbol": "BTCUSDT", "price": 60952.06, "qty": 0.011749, "side": "buy", "trade_id": "BTCUSDT-1000500"}
{"event_ts": "2026-06-27T10:34:53.718Z", "symbol": "ETHUSDT", "price": 3377.36, "qty": 0.191281, "side": "buy", "trade_id": "ETHUSDT-1000459"}
{"event_ts": "2026-06-27T10:34:34.620Z", "symbol": "ETHUSDT", "price": 3379.02, "qty": 0.46289, "side": "buy", "trade_id": "ETHUSDT-1000460"}
{"event_ts": "2026-06-27T10:34:02.863Z", "symbol": "ETHUSDT", "price": 3380.99, "qty": 0.258375, "side": "buy", "trade_id": "ETHUSDT-1000461"}
{"event_ts": "2026-06-27T10:34:56.725Z", "symbol": "ETHUSDT", "price": 3381.4, "qty": 0.289261, "side": "buy", "trade_id": "ETHUSDT-1000462"}
{"event_ts": "2026-06-27T10:34:36.787Z", "symbol": "ETHUSDT", "price": 3381.08, "qty": 0.321456, "side": "buy", "trade_id": "ETHUSDT-1000463"}
{"event_ts": "2026-06-27T10:34:18.344Z", "symbol": "ETHUSDT", "price": 3379.68, "qty": 0.403856, "side": "buy", "trade_id": "ETHUSDT-1000464"}
{"event_ts": "2026-06-27T10:34:20.041Z", "symbol": "ETHUSDT", "price": 3379.39, "qty": 0.227267, "side": "buy", "trade_id": "ETHUSDT-1000465"}
{"event_ts": "2026-06-27T10:34:56.047Z", "symbol": "ETHUSDT", "price": 3379.07, "qty": 0.10369, "side": "sell", "trade_id": "ETHUSDT-1000466"}
{"event_ts": "2026-06-27T10:34:57.058Z", "symbol": "ETHUSDT", "price": 3379.05, "qty": 0.213379, "side": "buy", "trade_id": "ETHUSDT-1000467"}
{"event_ts": "2026-06-27T10:34:51.477Z", "symbol": "ETHUSDT", "price": 3380.81, "qty": 0.324433, "side": "buy", "trade_id": "ETHUSDT-1000468"}
{"event_ts": "2026-06-27T10:34:16.293Z", "symbol": "ETHUSDT", "price": 3379.58, "qty": 0.229653, "side": "sell", "trade_id": "ETHUSDT-1000469"}
{"event_ts": "2026-06-27T10:34:31.172Z", "symbol": "ETHUSDT", "price": 3380.04, "qty": 0.495733, "side": "buy", "trade_id": "ETHUSDT-1000470"}
{"event_ts": "2026-06-27T10:34:48.762Z", "symbol": "SOLUSDT", "price": 142.96, "qty": 12.968711, "side": "sell", "trade_id": "SOLUSDT-1000465"}
{"event_ts": "2026-06-27T10:34:55.532Z", "symbol": "SOLUSDT", "price": 142.97, "qty": 34.62543, "side": "sell", "trade_id": "SOLUSDT-1000466"}
{"event_ts": "2026-06-27T10:34:15.472Z", "symbol": "SOLUSDT", "price": 142.97, "qty": 29.573661, "side": "sell", "trade_id": "SOLUSDT-1000467"}
{"event_ts": "2026-06-27T10:34:11.813Z", "symbol": "SOLUSDT", "price": 143.09, "qty": 32.635883, "side": "sell", "trade_id": "SOLUSDT-1000468"}
{"event_ts": "2026-06-27T10:34:01.490Z", "symbol": "SOLUSDT", "price": 143.16, "qty": 3.351323, "side": "buy", "trade_id": "SOLUSDT-1000469"}
{"event_ts": "2026-06-27T10:34:30.029Z", "symbol": "SOLUSDT", "price": 143.19, "qty": 7.193871, "side": "buy", "trade_id": "SOLUSDT-1000470"}
{"event_ts": "2026-06-27T10:34:57.686Z", "symbol": "SOLUSDT", "price": 143.18, "qty": 24.950238, "side": "sell", "trade_id": "SOLUSDT-1000471"}
{"event_ts": "2026-06-27T10:34:07.483Z", "symbol": "SOLUSDT", "price": 143.3, "qty": 35.873362, "side": "buy", "trade_id": "SOLUSDT-1000472"}
{"event_ts": "2026-06-27T10:34:29.908Z", "symbol": "SOLUSDT", "price": 143.32, "qty": 34.180088, "side": "buy", "trade_id": "SOLUSDT-1000473"}
{"event_ts": "2026-06-27T10:34:08.061Z", "symbol": "SOLUSDT", "price": 143.41, "qty": 33.763521, "side": "sell", "trade_id": "SOLUSDT-1000474"}
{"event_ts": "2026-06-27T10:34:16.504Z", "symbol": "SOLUSDT", "price": 143.54, "qty": 6.487179, "side": "buy", "trade_id": "SOLUSDT-1000475"}
{"event_ts": "2026-06-27T10:34:54.300Z", "symbol": "SOLUSDT", "price": 143.4, "qty": 22.374243, "side": "buy", "trade_id": "SOLUSDT-1000476"}
{"event_ts": "2026-06-27T10:34:14.510Z", "symbol": "SOLUSDT", "price": 143.55, "qty": 2.721374, "side": "sell", "trade_id": "SOLUSDT-1000477"}
{"event_ts": "2026-06-27T10:34:04.731Z", "symbol": "SOLUSDT", "price": 143.48, "qty": 20.189454, "side": "buy", "trade_id": "SOLUSDT-1000478"}
{"event_ts": "2026-06-27T10:34:14.884Z", "symbol": "SOLUSDT", "price": 143.61, "qty": 4.723436, "side": "sell", "trade_id": "SOLUSDT-1000479"}
{"event_ts": "2026-06-27T10:34:13.479Z", "symbol": "SOLUSDT", "price": 143.65, "qty": 17.275025, "side": "sell", "trade_id": "SOLUSDT-1000480"}
{"event_ts": "2026-06-27T10:34:27.903Z", "symbol": "SOLUSDT", "price": 143.77, "qty": 15.889288, "side": "sell", "trade_id": "SOLUSDT-1000481"}
{"event_ts": "2026-06-27T10:34:15.178Z", "symbol": "SOLUSDT", "price": 143.66, "qty": 5.976349, "side": "sell", "trade_id": "SOLUSDT-1000482"}
{"event_ts": "2026-06-27T10:34:08.327Z", "symbol": "SOLUSDT", "price": 143.52, "qty": 36.083601, "side": "buy", "trade_id": "SOLUSDT-1000483"}
{"event_ts": "2026-06-27T10:34:40.226Z", "symbol": "SOLUSDT", "price": 143.49, "qty": 9.648549, "side": "sell", "trade_id": "SOLUSDT-1000484"}
