{"event_ts": "2026-06-27T10:24:11.252Z", "symbol": "BTCUSDT", "price": 61022.56, "qty": 0.021208, "side": "sell", "trade_id": "BTCUSDT-1000346"}
{"event_ts": "2026-06-27T10:24:46.787Z", "symbol": "BTCUSDT", "price": 61012.65, "qty": 0.02349, "side": "buy", "trade_id": "BTCUSDT-1000347"}
{"event_ts": "2026-06-27T10:24:09.507Z", "symbol": "BTCUSDT", "price": 60997.15, "qty": 0.039255, "side": "buy", "trade_id": "BTCUSDT-1000348"}
{"event_ts": "2026-06-27T10:24:41.429Z", "symbol": "BTCUSDT", "price": 60982.58, "qty": 0.028464, "side": "sell", "trade_id": "BTCUSDT-1000349"}
{"event_ts": "2026-06-27T10:24:48.618Z", "symbol": "BTCUSDT", "price": 60997.62, "qty": 0.047397, "side": "sell", "trade_id": "BTCUSDT-1000350"}
{"event_ts": "2026-06-27T10:24:03.882Z", "symbol": "BTCUSDT", "price": 60991.22, "qty": 0.033006, "side": "buy", "trade_id": "BTCUSDT-1000351"}
{"event_ts": "2026-06-27T10:24:32.074Z", "symbol": "BTCUSDT", "price": 60966.29, "qty": 0.029916, "side": "sell", "trade_id": "BTCUSDT-1000352"}
{"event_ts": "2026-06-27T10:24:57.281Z", "symbol": "BTCUSDT", "price": 60988.32, "qty": 0.045392, "side": "sell", "trade_id": "BTCUSDT-1000353"}
{"event_ts": "2026-06-27T10:24:03.257Z", "symbol": "BTCUSDT", "price": 61009.23, "qty": 0.028088, "side": "buy", "trade_id": "BTCUSDT-1000354"}
{"event_ts": "2026-06-27T10:24:12.081Z", "symbol": "BTCUSDT", "price": 61025.15, "qty": 0.034149, "side": "sell", "trade_id": "BTCUSDT-1000355"}
{"event_ts": "2026-06-27T10:24:05.159Z", "symbol": "BTCUSDT", "price": 61026.8, "qty": 0.028642, "side": "buy", "trade_id": "BTCUSDT-1000356"}
{"event_ts": "2026-06-27T10:24:43.173Z", "symbol": "BTCUSDT", "price": 61005.07, "qty": 0.024857, "side": "buy", "trade_id": "BTCUSDT-1000357"}
{"event_ts": "2026-06-27T10:24:45.856Z", "symbol": "BTCUSDT", "price": 61013.27, "qty": 0.030026, "side": "sell", "trade_id": "BTCUSDT-1000358"}
{"event_ts": "2026-06-27T10:24:17.205Z", "symbol": "BTCUSDT", "price": 61004.08, "qty": 0.041102, "side": "buy", "trade_id": "BTCUSDT-1000359"}
{"event_ts": "2026-06-27T10:24:27.219Z", "symbol": "BTCUSDT", "price": 60990.55, "qty": 0.031668, "side": "sell", "trade_id": "BTCUSDT-1000360"}
{"event_ts": "2026-06-27T10:24:30.629Z", "symbol": "BTCUSDT", "price": 60982.69, "qty": 0.033392, "side": "sell", "trade_id": "BTCUSDT-1000361"}
{"event_ts": "2026-06-27T10:24:00.792Z", "symbol": "ETHUSDT", "price": 3383.46, "qty": 0.183225, "side": "buy", "trade_id": "ETHUSDT-1000313"}
{"event_ts": "2026-06-27T10:24:37.290Z", "symbol": "ETHUSDT", "price": 3381.47, "qty": 0.40322, "side": "buy", "trade_id": "ETHUSDT-1000314"}
{"event_ts": "2026-06-27T10:24:03.292Z", "symbol": "ETHUSDT", "price": 3382.8, "qty": 0.296188, "side": "sell", "trade_id": "ETHUSDT-1000315"}
{"event_ts": "2026-06-27T10:24:19.454Z", "symbol": "ETHUSDT", "price": 3382.81, "qty": 0.323641, "side": "buy", "trade_id": "ETHUSDT-1000316"}
{"event_ts": "2026-06-27T10:24:27.802Z", "symbol": "ETHUSDT", "price": 3380.85, "qty": 0.197567, "side": "sell", "trade_id": "ETHUSDT-1000317"}
{"event_ts": "2026-06-27T10:24:21.633Z", "symbol": "ETHUSDT", "price": 3382.03, "qty": 0.414413, "side": "sell", "trade_id": "ETHUSDT-1000318"}
{"event_ts": "2026-06-27T10:24:35.246Z", "symbol": "ETHUSDT", "price": 3382.0, "qty": 0.04926, "side": "sell", "trade_id": "ETHUSDT-1000319"}
{"event_ts": "2026-06-27T10:24:38.134Z", "symbol": "ETHUSDT", "price": 3382.5, "qty": 0.425513, "side": "buy", "trade_id": "ETHUSDT-1000320"}
{"event_ts": "2026-06-27T10:24:06.220Z", "symbol": "ETHUSDT", "price": 3382.58, "qty": 0.305032, "side": "buy", "trade_id": "ETHUSDT-1000321"}
{"event_ts": "2026-06-27T10:24:49.173Z", "symbol": "ETHUSDT", "price": 3384.19, "qty": 0.42304, "side": "buy", "trade_id": "ETHUSDT-1000322"}
{"event_ts": "2026-06-27T10:24:29.222Z", "symbol": "ETHUSDT", "price": 3382.82, "qty": 0.396676, "side": "buy", "trade_id": "ETHUSDT-1000323"}
{"event_ts": "2026-06-27T10:24:48.359Z", "symbol": "ETHUSDT", "price": 3383.94, "qty": 0.395909, "side": "sell", "trade_id": "ETHUSDT-1000324"}
{"event_ts": "2026-06-27T10:24:29.329Z", "symbol": "ETHUSDT", "price": 3385.02, "qty": 0.100833, "side": "buy", "trade_id": "ETHUSDT-1000325"}
{"event_ts": "2026-06-27T10:24:23.300Z", "symbol": "ETHUSDT", "price": 3386.93, "qty": 0.052565, "side": "buy", "trade_id": "ETHUSDT-1000326"}
{"event_ts": "2026-06-27T10:24:19.058Z", "symbol": "ETHUSDT", "price": 3388.03, "qty": 0.430962, "side": "buy", "trade_id": "ETHUSDT-1000327"}
{"event_ts": "2026-06-27T10:24:16.445Z", "symbol": "ETHUSDT", "price": 3387.95, "qty": 0.420746, "side": "buy", "trade_id": "ETHUSDT-1000328"}
{"event_ts": "2026-06-27T10:24:47.774Z", "symbol": "ETHUSDT", "price": 3386.74, "qty": 0.010891, "side": "buy", "trade_id": "ETHUSDT-1000329"}
{"event_ts": "2026-06-27T10:24:21.355Z", "symbol": "ETHUSDT", "price": 3385.12, "qty": 0.135628, "side": "buy", "trade_id": "ETHUSDT-1000330"}
{"event_ts": "2026-06-27T10:24:37.629Z", "symbol": "ETHUSDT", "price": 3383.64, "qty": 0.486308, "side": "sell", "trade_id": "ETHUSDT-1000331"}
{"event_ts": "2026-06-27T10:24:15.331Z", "symbol": "SOLUSDT", "price": 143.17, "qty": 26.574909, "side": "buy", "trade_id": "SOLUSDT-1000337"}
{"event_ts": "2026-06-27T10:24:08.303Z", "symbol": "SOLUSDT", "price": 143.04, "qty": 35.427108, "side": "sell", "trade_id": "SOLUSDT-1000338"}
{"event_ts": "2026-06-27T10:24:46.713Z", "symbol": "SOLUSDT", "price": 143.09, "qty": 24.360298, "side": "sell", "trade_id": "SOLUSDT-1000339"}
{"event_ts": "2026-06-27T10:24:40.789Z", "symbol": "SOLUSDT", "price": 143.14, "qty": 33.828244, "side": "sell", "trade_id": "SOLUSDT-1000340"}
{"event_ts": "2026-06-27T10:24:33.662Z", "symbol": "SOLUSDT", "price": 143.04, "qty": 30.528468, "side": "buy", "trade_id": "SOLUSDT-1000341"}
{"event_ts": "2026-06-27T10:24:42.704Z", "symbol": "SOLUSDT", "price": 143.19, "qty": 17.604345, "side": "buy", "trade_id": "SOLUSDT-1000342"}
{"event_ts": "2026-06-27T10:24:39.302Z", "symbol": "SOLUSDT", "price": 143.11, "qty": 24.498792, "side": "sell", "trade_id": "SOLUSDT-1000343"}
{"event_ts": "2026-06-27T10:24:19.915Z", "symbol": "SOLUSDT", "price": 143.2, "qty": 21.811188, "side": "buy", "trade_id": "SOLUSDT-1000344"}
