{"event_ts": "2026-06-27T10:52:35.114Z", "symbol": "BTCUSDT", "price": 60992.63, "qty": 0.025518, "side": "sell", "trade_id": "BTCUSDT-1000712"}
{"event_ts": "2026-06-27T10:52:13.430Z", "symbol": "BTCUSDT", "price": 60983.82, "qty": 0.028327, "side": "buy", "trade_id": "BTCUSDT-1000713"}
{"event_ts": "2026-06-27T10:52:32.666Z", "symbol": "BTCUSDT", "price": 60988.76, "qty": 0.032498, "side": "sell", "trade_id": "BTCUSDT-1000714"}
{"event_ts": "2026-06-27T10:52:08.545Z", "symbol": "BTCUSDT", "price": 60992.44, "qty": 0.029658, "side": "sell", "trade_id": "BTCUSDT-1000715"}
{"event_ts": "2026-06-27T10:52:07.271Z", "symbol": "BTCUSDT", "price": 61014.46, "qty": 0.042282, "side": "buy", "trade_id": "BTCUSDT-1000716"}
{"event_ts": "2026-06-27T10:52:13.561Z", "symbol": "BTCUSDT", "price": 61009.96, "qty": 0.003252, "side": "sell", "trade_id": "BTCUSDT-1000717"}
{"event_ts": "2026-06-27T10:52:49.916Z", "symbol": "BTCUSDT", "price": 61029.06, "qty": 0.010879, "side": "sell", "trade_id": "BTCUSDT-1000718"}
{"event_ts": "2026-06-27T10:52:59.114Z", "symbol": "BTCUSDT", "price": 61029.66, "qty": 0.046604, "side": "buy", "trade_id": "BTCUSDT-1000719"}
{"event_ts": "2026-06-27T10:52:35.198Z", "symbol": "BTCUSDT", "price": 61026.08, "qty": 0.030576, "side": "sell", "trade_id": "BTCUSDT-1000720"}
{"event_ts": "2026-06-27T10:52:09.878Z", "symbol": "BTCUSDT", "price": 61026.31, "qty": 0.035467, "side": "sell", "trade_id": "BTCUSDT-1000721"}
{"event_ts": "2026-06-27T10:52:58.610Z", "symbol": "BTCUSDT", "price": 61013.31, "qty": 0.019955, "side": "buy", "trade_id": "BTCUSDT-1000722"}
{"event_ts": "2026-06-27T10:52:53.921Z", "symbol": "BTCUSDT", "price": 61022.18, "qty": 0.040575, "side": "buy", "trade_id": "BTCUSDT-1000723"}
{"event_ts": "2026-06-27T10:52:53.891Z", "symbol": "BTCUSDT", "price": 60997.27, "qty": 0.005508, "side": "buy", "trade_id": "BTCUSDT-1000724"}
{"event_ts": "2026-06-27T10:52:09.758Z", "symbol": "BTCUSDT", "price": 60985.22, "qty": 0.00969, "side": "buy", "trade_id": "BTCUSDT-1000725"}
{"event_ts": "2026-06-27T10:52:40.708Z", "symbol": "BTCUSDT", "price": 60961.33, "qty": 0.013248, "side": "sell", "trade_id": "BTCUSDT-1000726"}
{"event_ts": "2026-06-27T10:52:41.724Z", "symbol": "BTCUSDT", "price": 60963.16, "qty": 0.028977, "side": "sell", "trade_id": "BTCUSDT-1000727"}
{"event_ts": "2026-06-27T10:52:55.022Z", "symbol": "BTCUSDT", "price": 60956.17, "qty": 0.002818, "side": "buy", "trade_id": "BTCUSDT-1000728"}
{"event_ts": "2026-06-27T10:52:53.953Z", "symbol": "BTCUSDT", "price": 60961.5, "qty": 0.030322, "side": "buy", "trade_id": "BTCUSDT-1000729"}
{"event_ts": "2026-06-27T10:52:58.019Z", "symbol": "ETHUSDT", "price": 3363.89, "qty": 0.205698, "side": "sell", "trade_id": "ETHUSDT-1000710"}
{"event_ts": "2026-06-27T10:52:24.630Z", "symbol": "ETHUSDT", "price": 3365.79, "qty": 0.38963, "side": "buy", "trade_id": "ETHUSDT-1000711"}
{"event_ts": "2026-06-27T10:52:12.298Z", "symbol": "ETHUSDT", "price": 3366.72, "qty": 0.18039, "side": "buy", "trade_id": "ETHUSDT-1000712"}
{"event_ts": "2026-06-27T10:52:22.480Z", "symbol": "ETHUSDT", "price": 3367.87, "qty": 0.240109, "side": "sell", "trade_id": "ETHUSDT-1000713"}
{"event_ts": "2026-06-27T10:52:21.527Z", "symbol": "ETHUSDT", "price": 3369.66, "qty": 0.142906, "side": "buy", "trade_id": "ETHUSDT-1000714"}
{"event_ts": "2026-06-27T10:52:47.285Z", "symbol": "ETHUSDT", "price": 3369.93, "qty": 0.162381, "side": "buy", "trade_id": "ETHUSDT-1000715"}
{"event_ts": "2026-06-27T10:52:22.271Z", "symbol": "ETHUSDT", "price": 3368.64, "qty": 0.352619, "side": "buy", "trade_id": "ETHUSDT-1000716"}
{"event_ts": "2026-06-27T10:52:28.301Z", "symbol": "ETHUSDT", "price": 3368.77, "qty": 0.412615, "side": "buy", "trade_id": "ETHUSDT-1000717"}
{"event_ts": "2026-06-27T10:52:49.951Z", "symbol": "ETHUSDT", "price": 3368.16, "qty": 0.444047, "side": "buy", "trade_id": "ETHUSDT-1000718"}
{"event_ts": "2026-06-27T10:52:49.272Z", "symbol": "ETHUSDT", "price": 3366.4, "qty": 0.426392, "side": "sell", "trade_id": "ETHUSDT-1000719"}
{"event_ts": "2026-06-27T10:52:08.925Z", "symbol": "ETHUSDT", "price": 3366.61, "qty": 0.319105, "side": "sell", "trade_id": "ETHUSDT-1000720"}
{"event_ts": "2026-06-27T10:52:39.730Z", "symbol": "ETHUSDT", "price": 3367.95, "qty": 0.20194, "side": "buy", "trade_id": "ETHUSDT-1000721"}
{"event_ts": "2026-06-27T10:52:22.245Z", "symbol": "ETHUSDT", "price": 3368.56, "qty": 0.048236, "side": "buy", "trade_id": "ETHUSDT-1000722"}
{"event_ts": "2026-06-27T10:52:36.720Z", "symbol": "SOLUSDT", "price": 144.73, "qty": 20.954001, "side": "buy", "trade_id": "SOLUSDT-1000731"}
{"event_ts": "2026-06-27T10:52:08.367Z", "symbol": "SOLUSDT", "price": 144.66, "qty": 33.734252, "side": "buy", "trade_id": "SOLUSDT-1000732"}
{"event_ts": "2026-06-27T10:52:01.660Z", "symbol": "SOLUSDT", "price": 144.63, "qty": 29.577468, "side": "sell", "trade_id": "SOLUSDT-1000733"}
{"event_ts": "2026-06-27T10:52:35.165Z", "symbol": "SOLUSDT", "price": 144.54, "qty": 6.96248, "side": "buy", "trade_id": "SOLUSDT-1000734"}
{"event_ts": "2026-06-27T10:52:20.733Z", "symbol": "SOLUSDT", "price": 144.58, "qty": 28.600654, "side": "sell", "trade_id": "SOLUSDT-1000735"}
{"event_ts": "2026-06-27T10:52:52.804Z", "symbol": "SOLUSDT", "price": 144.44, "qty": 15.574231, "side": "buy", "trade_id": "SOLUSDT-1000736"}
{"event_ts": "2026-06-27T10:52:46.245Z", "symbol": "SOLUSDT", "price": 144.5, "qty": 12.335535, "side": "sell", "trade_id": "SOLUSDT-1000737"}
{"event_ts": "2026-06-27T10:52:21.578Z", "symbol": "SOLUSDT", "price": 144.41, "qty": 4.278624, "side": "buy", "trade_id": "SOLUSDT-1000738"}
{"event_ts": "2026-06-27T10:52:20.046Z", "symbol": "SOLUSDT", "price": 144.37, "qty": 5.547193, "side": "sell", "trade_id": "SOLUSDT-1000739"}
{"event_ts": "2026-06-27T10:52:47.777Z", "symbol": "SOLUSDT", "price": 144.4, "qty": 35.584953, "side": "buy", "trade_id": "SOLUSDT-1000740"}
