{"event_ts": "2026-06-27T10:27:08.089Z", "symbol": "BTCUSDT", "price": 61066.74, "qty": 0.009292, "side": "buy", "trade_id": "BTCUSDT-1000393"}
{"event_ts": "2026-06-27T10:27:14.790Z", "symbol": "BTCUSDT", "price": 61059.86, "qty": 0.005165, "side": "buy", "trade_id": "BTCUSDT-1000394"}
{"event_ts": "2026-06-27T10:27:51.116Z", "symbol": "BTCUSDT", "price": 61063.02, "qty": 0.043668, "side": "buy", "trade_id": "BTCUSDT-1000395"}
{"event_ts": "2026-06-27T10:27:47.426Z", "symbol": "BTCUSDT", "price": 61042.79, "qty": 0.009122, "side": "sell", "trade_id": "BTCUSDT-1000396"}
{"event_ts": "2026-06-27T10:27:44.427Z", "symbol": "BTCUSDT", "price": 61059.37, "qty": 0.023164, "side": "sell", "trade_id": "BTCUSDT-1000397"}
{"event_ts": "2026-06-27T10:27:55.368Z", "symbol": "BTCUSDT", "price": 61082.17, "qty": 0.007707, "side": "buy", "trade_id": "BTCUSDT-1000398"}
{"event_ts": "2026-06-27T10:27:23.017Z", "symbol": "BTCUSDT", "price": 61070.84, "qty": 0.022679, "side": "buy", "trade_id": "BTCUSDT-1000399"}
{"event_ts": "2026-06-27T10:27:17.240Z", "symbol": "BTCUSDT", "price": 61074.54, "qty": 0.040987, "side": "sell", "trade_id": "BTCUSDT-1000400"}
{"event_ts": "2026-06-27T10:27:26.383Z", "symbol": "BTCUSDT", "price": 61094.33, "qty": 0.039672, "side": "buy", "trade_id": "BTCUSDT-1000401"}
{"event_ts": "2026-06-27T10:27:57.844Z", "symbol": "BTCUSDT", "price": 61089.23, "qty": 0.023956, "side": "buy", "trade_id": "BTCUSDT-1000402"}
{"event_ts": "2026-06-27T10:27:46.005Z", "symbol": "BTCUSDT", "price": 61065.59, "qty": 0.032129, "side": "sell", "trade_id": "BTCUSDT-1000403"}
{"event_ts": "2026-06-27T10:27:40.215Z", "symbol": "BTCUSDT", "price": 61074.39, "qty": 0.048778, "side": "buy", "trade_id": "BTCUSDT-1000404"}
{"event_ts": "2026-06-27T10:27:46.278Z", "symbol": "BTCUSDT", "price": 61088.6, "qty": 0.045823, "side": "buy", "trade_id": "BTCUSDT-1000405"}
{"event_ts": "2026-06-27T10:27:34.241Z", "symbol": "BTCUSDT", "price": 61102.53, "qty": 0.001476, "side": "buy", "trade_id": "BTCUSDT-1000406"}
{"event_ts": "2026-06-27T10:27:28.058Z", "symbol": "BTCUSDT", "price": 61099.92, "qty": 0.040766, "side": "buy", "trade_id": "BTCUSDT-1000407"}
{"event_ts": "2026-06-27T10:27:47.005Z", "symbol": "BTCUSDT", "price": 61081.71, "qty": 0.0497, "side": "sell", "trade_id": "BTCUSDT-1000408"}
{"event_ts": "2026-06-27T10:27:48.676Z", "symbol": "BTCUSDT", "price": 61072.98, "qty": 0.039009, "side": "sell", "trade_id": "BTCUSDT-1000409"}
{"event_ts": "2026-06-27T10:27:21.422Z", "symbol": "BTCUSDT", "price": 61096.46, "qty": 0.039377, "side": "buy", "trade_id": "BTCUSDT-1000410"}
{"event_ts": "2026-06-27T10:27:58.847Z", "symbol": "ETHUSDT", "price": 3386.18, "qty": 0.252253, "side": "buy", "trade_id": "ETHUSDT-1000351"}
{"event_ts": "2026-06-27T10:27:58.688Z", "symbol": "ETHUSDT", "price": 3385.71, "qty": 0.373834, "side": "sell", "trade_id": "ETHUSDT-1000352"}
{"event_ts": "2026-06-27T10:27:11.602Z", "symbol": "ETHUSDT", "price": 3387.31, "qty": 0.425487, "side": "buy", "trade_id": "ETHUSDT-1000353"}
{"event_ts": "2026-06-27T10:27:44.113Z", "symbol": "ETHUSDT", "price": 3387.87, "qty": 0.46989, "side": "buy", "trade_id": "ETHUSDT-1000354"}
{"event_ts": "2026-06-27T10:27:10.616Z", "symbol": "ETHUSDT", "price": 3387.64, "qty": 0.23817, "side": "sell", "trade_id": "ETHUSDT-1000355"}
{"event_ts": "2026-06-27T10:27:49.222Z", "symbol": "ETHUSDT", "price": 3386.18, "qty": 0.228631, "side": "sell", "trade_id": "ETHUSDT-1000356"}
{"event_ts": "2026-06-27T10:27:18.196Z", "symbol": "ETHUSDT", "price": 3385.14, "qty": 0.172364, "side": "buy", "trade_id": "ETHUSDT-1000357"}
{"event_ts": "2026-06-27T10:27:17.350Z", "symbol": "ETHUSDT", "price": 3385.24, "qty": 0.100185, "side": "buy", "trade_id": "ETHUSDT-1000358"}
{"event_ts": "2026-06-27T10:27:24.033Z", "symbol": "ETHUSDT", "price": 3385.82, "qty": 0.098896, "side": "buy", "trade_id": "ETHUSDT-1000359"}
{"event_ts": "2026-06-27T10:27:44.952Z", "symbol": "ETHUSDT", "price": 3387.28, "qty": 0.291499, "side": "sell", "trade_id": "ETHUSDT-1000360"}
{"event_ts": "2026-06-27T10:27:18.350Z", "symbol": "ETHUSDT", "price": 3389.19, "qty": 0.434718, "side": "sell", "trade_id": "ETHUSDT-1000361"}
{"event_ts": "2026-06-27T10:27:26.709Z", "symbol": "ETHUSDT", "price": 3388.5, "qty": 0.450482, "side": "sell", "trade_id": "ETHUSDT-1000362"}
{"event_ts": "2026-06-27T10:27:47.020Z", "symbol": "ETHUSDT", "price": 3387.48, "qty": 0.45044, "side": "sell", "trade_id": "ETHUSDT-1000363"}
{"event_ts": "2026-06-27T10:27:39.919Z", "symbol": "ETHUSDT", "price": 3389.0, "qty": 0.023711, "side": "sell", "trade_id": "ETHUSDT-1000364"}
{"event_ts": "2026-06-27T10:27:19.662Z", "symbol": "ETHUSDT", "price": 3390.64, "qty": 0.073805, "side": "sell", "trade_id": "ETHUSDT-1000365"}
{"event_ts": "2026-06-27T10:27:12.752Z", "symbol": "SOLUSDT", "price": 142.52, "qty": 11.608135, "side": "buy", "trade_id": "SOLUSDT-1000366"}
{"event_ts": "2026-06-27T10:27:08.851Z", "symbol": "SOLUSDT", "price": 142.63, "qty": 20.071022, "side": "buy", "trade_id": "SOLUSDT-1000367"}
{"event_ts": "2026-06-27T10:27:48.094Z", "symbol": "SOLUSDT", "price": 142.65, "qty": 6.378338, "side": "sell", "trade_id": "SOLUSDT-1000368"}
{"event_ts": "2026-06-27T10:27:10.365Z", "symbol": "SOLUSDT", "price": 142.78, "qty": 7.569364, "side": "buy", "trade_id": "SOLUSDT-1000369"}
{"event_ts": "2026-06-27T10:27:40.481Z", "symbol": "SOLUSDT", "price": 142.65, "qty": 28.809305, "side": "sell", "trade_id": "SOLUSDT-1000370"}
{"event_ts": "2026-06-27T10:27:30.790Z", "symbol": "SOLUSDT", "price": 142.74, "qty": 18.192914, "side": "buy", "trade_id": "SOLUSDT-1000371"}
{"event_ts": "2026-06-27T10:27:12.131Z", "symbol": "SOLUSDT", "price": 142.59, "qty": 30.46523, "side": "buy", "trade_id": "SOLUSDT-1000372"}
{"event_ts": "2026-06-27T10:27:10.196Z", "symbol": "SOLUSDT", "price": 142.57, "qty": 5.115099, "side": "buy", "trade_id": "SOLUSDT-1000373"}
{"event_ts": "2026-06-27T10:27:45.585Z", "symbol": "SOLUSDT", "price": 142.59, "qty": 39.757901, "side": "buy", "trade_id": "SOLUSDT-1000374"}
{"event_ts": "2026-06-27T10:27:05.599Z", "symbol": "SOLUSDT", "price": 142.7, "qty": 5.656503, "side": "sell", "trade_id": "SOLUSDT-1000375"}
{"event_ts": "2026-06-27T10:27:40.622Z", "symbol": "SOLUSDT", "price": 142.62, "qty": 37.105097, "side": "buy", "trade_id": "SOLUSDT-1000376"}
{"event_ts": "2026-06-27T10:27:07.435Z", "symbol": "SOLUSDT", "price": 142.76, "qty": 37.249302, "side": "sell", "trade_id": "SOLUSDT-1000377"}
{"event_ts": "2026-06-27T10:27:32.969Z", "symbol": "SOLUSDT", "price": 142.74, "qty": 21.051331, "side": "buy", "trade_id": "SOLUSDT-1000378"}
{"event_ts": "2026-06-27T10:27:48.512Z", "symbol": "SOLUSDT", "price": 142.68, "qty": 31.523638, "side": "sell", "trade_id": "SOLUSDT-1000379"}
{"event_ts": "2026-06-27T10:27:11.121Z", "symbol": "SOLUSDT", "price": 142.82, "qty": 18.507827, "side": "sell", "trade_id": "SOLUSDT-1000380"}
{"event_ts": "2026-06-27T10:27:27.402Z", "symbol": "SOLUSDT", "price": 142.72, "qty": 1.402609, "side": "sell", "trade_id": "SOLUSDT-1000381"}
{"event_ts": "2026-06-27T10:27:34.799Z", "symbol": "SOLUSDT", "price": 142.7, "qty": 25.217979, "side": "sell", "trade_id": "SOLUSDT-1000382"}
{"event_ts": "2026-06-27T10:27:42.851Z", "symbol": "SOLUSDT", "price": 142.76, "qty": 24.592042, "side": "sell", "trade_id": "SOLUSDT-1000383"}
