{"event_ts": "2026-06-27T10:01:40.635Z", "symbol": "BTCUSDT", "price": 61067.53, "qty": 0.009089, "side": "sell", "trade_id": "BTCUSDT-1000018"}
{"event_ts": "2026-06-27T10:01:53.866Z", "symbol": "BTCUSDT", "price": 61080.4, "qty": 0.011016, "side": "sell", "trade_id": "BTCUSDT-1000019"}
{"event_ts": "2026-06-27T10:01:29.827Z", "symbol": "BTCUSDT", "price": 61093.5, "qty": 0.035821, "side": "buy", "trade_id": "BTCUSDT-1000020"}
{"event_ts": "2026-06-27T10:01:07.673Z", "symbol": "BTCUSDT", "price": 61100.1, "qty": 0.045358, "side": "buy", "trade_id": "BTCUSDT-1000021"}
{"event_ts": "2026-06-27T10:01:03.364Z", "symbol": "BTCUSDT", "price": 61115.73, "qty": 0.016285, "side": "buy", "trade_id": "BTCUSDT-1000022"}
{"event_ts": "2026-06-27T10:01:36.514Z", "symbol": "BTCUSDT", "price": 61120.13, "qty": 0.040703, "side": "sell", "trade_id": "BTCUSDT-1000023"}
{"event_ts": "2026-06-27T10:01:22.067Z", "symbol": "BTCUSDT", "price": 61112.48, "qty": 0.020498, "side": "buy", "trade_id": "BTCUSDT-1000024"}
{"event_ts": "2026-06-27T10:01:12.648Z", "symbol": "BTCUSDT", "price": 61100.37, "qty": 0.037436, "side": "buy", "trade_id": "BTCUSDT-1000025"}
{"event_ts": "2026-06-27T10:01:54.621Z", "symbol": "BTCUSDT", "price": 61075.95, "qty": 0.030116, "side": "buy", "trade_id": "BTCUSDT-1000026"}
{"event_ts": "2026-06-27T10:01:43.421Z", "symbol": "BTCUSDT", "price": 61091.7, "qty": 0.021887, "side": "sell", "trade_id": "BTCUSDT-1000027"}
{"event_ts": "2026-06-27T10:01:19.730Z", "symbol": "ETHUSDT", "price": 3395.88, "qty": 0.345246, "side": "sell", "trade_id": "ETHUSDT-1000019"}
{"event_ts": "2026-06-27T10:01:34.821Z", "symbol": "ETHUSDT", "price": 3394.86, "qty": 0.223381, "side": "sell", "trade_id": "ETHUSDT-1000020"}
{"event_ts": "2026-06-27T10:01:22.354Z", "symbol": "ETHUSDT", "price": 3395.62, "qty": 0.201639, "side": "sell", "trade_id": "ETHUSDT-1000021"}
{"event_ts": "2026-06-27T10:01:00.318Z", "symbol": "ETHUSDT", "price": 3394.22, "qty": 0.233236, "side": "buy", "trade_id": "ETHUSDT-1000022"}
{"event_ts": "2026-06-27T10:01:05.230Z", "symbol": "ETHUSDT", "price": 3393.79, "qty": 0.346253, "side": "sell", "trade_id": "ETHUSDT-1000023"}
{"event_ts": "2026-06-27T10:01:54.277Z", "symbol": "ETHUSDT", "price": 3395.44, "qty": 0.017964, "side": "sell", "trade_id": "ETHUSDT-1000024"}
{"event_ts": "2026-06-27T10:01:18.371Z", "symbol": "ETHUSDT", "price": 3395.16, "qty": 0.146589, "side": "buy", "trade_id": "ETHUSDT-1000025"}
{"event_ts": "2026-06-27T10:01:11.348Z", "symbol": "ETHUSDT", "price": 3394.39, "qty": 0.348674, "side": "sell", "trade_id": "ETHUSDT-1000026"}
{"event_ts": "2026-06-27T10:01:10.695Z", "symbol": "ETHUSDT", "price": 3395.05, "qty": 0.386714, "side": "buy", "trade_id": "ETHUSDT-1000027"}
{"event_ts": "2026-06-27T10:01:47.082Z", "symbol": "ETHUSDT", "price": 3393.41, "qty": 0.252673, "side": "sell", "trade_id": "ETHUSDT-1000028"}
{"event_ts": "2026-06-27T10:01:41.887Z", "symbol": "ETHUSDT", "price": 3393.5, "qty": 0.088453, "side": "sell", "trade_id": "ETHUSDT-1000029"}
{"event_ts": "2026-06-27T10:01:16.652Z", "symbol": "ETHUSDT", "price": 3392.74, "qty": 0.305062, "side": "buy", "trade_id": "ETHUSDT-1000030"}
{"event_ts": "2026-06-27T10:01:17.667Z", "symbol": "ETHUSDT", "price": 3393.34, "qty": 0.053297, "side": "buy", "trade_id": "ETHUSDT-1000031"}
{"event_ts": "2026-06-27T10:01:42.162Z", "symbol": "ETHUSDT", "price": 3393.2, "qty": 0.201579, "side": "buy", "trade_id": "ETHUSDT-1000032"}
{"event_ts": "2026-06-27T10:01:27.141Z", "symbol": "ETHUSDT", "price": 3391.67, "qty": 0.274567, "side": "buy", "trade_id": "ETHUSDT-1000033"}
{"event_ts": "2026-06-27T10:01:54.525Z", "symbol": "ETHUSDT", "price": 3390.36, "qty": 0.432073, "side": "buy", "trade_id": "ETHUSDT-1000034"}
{"event_ts": "2026-06-27T10:01:13.017Z", "symbol": "ETHUSDT", "price": 3391.78, "qty": 0.169144, "side": "buy", "trade_id": "ETHUSDT-1000035"}
{"event_ts": "2026-06-27T10:01:11.084Z", "symbol": "ETHUSDT", "price": 3390.77, "qty": 0.046268, "side": "buy", "trade_id": "ETHUSDT-1000036"}
{"event_ts": "2026-06-27T10:01:27.426Z", "symbol": "ETHUSDT", "price": 3390.8, "qty": 0.373625, "side": "buy", "trade_id": "ETHUSDT-1000037"}
{"event_ts": "2026-06-27T10:01:16.762Z", "symbol": "SOLUSDT", "price": 145.11, "qty": 28.482695, "side": "buy", "trade_id": "SOLUSDT-1000012"}
{"event_ts": "2026-06-27T10:01:19.575Z", "symbol": "SOLUSDT", "price": 145.21, "qty": 9.609316, "side": "buy", "trade_id": "SOLUSDT-1000013"}
{"event_ts": "2026-06-27T10:01:56.932Z", "symbol": "SOLUSDT", "price": 145.32, "qty": 36.732162, "side": "buy", "trade_id": "SOLUSDT-1000014"}
{"event_ts": "2026-06-27T10:01:29.316Z", "symbol": "SOLUSDT", "price": 145.22, "qty": 28.955425, "side": "buy", "trade_id": "SOLUSDT-1000015"}
{"event_ts": "2026-06-27T10:01:12.214Z", "symbol": "SOLUSDT", "price": 145.29, "qty": 34.433, "side": "buy", "trade_id": "SOLUSDT-1000016"}
{"event_ts": "2026-06-27T10:01:49.025Z", "symbol": "SOLUSDT", "price": 145.42, "qty": 37.009461, "side": "buy", "trade_id": "SOLUSDT-1000017"}
{"event_ts": "2026-06-27T10:01:37.696Z", "symbol": "SOLUSDT", "price": 145.56, "qty": 23.094022, "side": "sell", "trade_id": "SOLUSDT-1000018"}
{"event_ts": "2026-06-27T10:01:32.890Z", "symbol": "SOLUSDT", "price": 145.56, "qty": 17.233157, "side": "sell", "trade_id": "SOLUSDT-1000019"}
{"event_ts": "2026-06-27T10:01:08.713Z", "symbol": "SOLUSDT", "price": 145.58, "qty": 8.518946, "side": "buy", "trade_id": "SOLUSDT-1000020"}
{"event_ts": "2026-06-27T10:01:55.880Z", "symbol": "SOLUSDT", "price": 145.6, "qty": 34.170053, "side": "buy", "trade_id": "SOLUSDT-1000021"}
{"event_ts": "2026-06-27T10:01:10.551Z", "symbol": "SOLUSDT", "price": 145.61, "qty": 16.830296, "side": "buy", "trade_id": "SOLUSDT-1000022"}
