{"event_ts": "2026-06-27T10:44:58.572Z", "symbol": "BTCUSDT", "price": 61074.95, "qty": 0.019116, "side": "buy", "trade_id": "BTCUSDT-1000613"}
{"event_ts": "2026-06-27T10:44:59.469Z", "symbol": "BTCUSDT", "price": 61074.51, "qty": 0.030215, "side": "sell", "trade_id": "BTCUSDT-1000614"}
{"event_ts": "2026-06-27T10:44:23.836Z", "symbol": "BTCUSDT", "price": 61063.53, "qty": 0.014589, "side": "sell", "trade_id": "BTCUSDT-1000615"}
{"event_ts": "2026-06-27T10:44:10.344Z", "symbol": "BTCUSDT", "price": 61055.4, "qty": 0.015121, "side": "sell", "trade_id": "BTCUSDT-1000616"}
{"event_ts": "2026-06-27T10:44:42.661Z", "symbol": "BTCUSDT", "price": 61067.44, "qty": 0.038874, "side": "sell", "trade_id": "BTCUSDT-1000617"}
{"event_ts": "2026-06-27T10:44:34.132Z", "symbol": "BTCUSDT", "price": 61091.85, "qty": 0.006386, "side": "buy", "trade_id": "BTCUSDT-1000618"}
{"event_ts": "2026-06-27T10:44:23.106Z", "symbol": "BTCUSDT", "price": 61074.88, "qty": 0.041603, "side": "sell", "trade_id": "BTCUSDT-1000619"}
{"event_ts": "2026-06-27T10:44:37.302Z", "symbol": "BTCUSDT", "price": 61059.13, "qty": 0.019998, "side": "sell", "trade_id": "BTCUSDT-1000620"}
{"event_ts": "2026-06-27T10:44:58.120Z", "symbol": "BTCUSDT", "price": 61034.67, "qty": 0.003291, "side": "buy", "trade_id": "BTCUSDT-1000621"}
{"event_ts": "2026-06-27T10:44:50.773Z", "symbol": "BTCUSDT", "price": 61047.72, "qty": 0.024808, "side": "sell", "trade_id": "BTCUSDT-1000622"}
{"event_ts": "2026-06-27T10:44:30.056Z", "symbol": "BTCUSDT", "price": 61059.69, "qty": 0.003916, "side": "sell", "trade_id": "BTCUSDT-1000623"}
{"event_ts": "2026-06-27T10:44:23.397Z", "symbol": "BTCUSDT", "price": 61062.03, "qty": 0.028646, "side": "sell", "trade_id": "BTCUSDT-1000624"}
{"event_ts": "2026-06-27T10:44:59.080Z", "symbol": "BTCUSDT", "price": 61058.7, "qty": 0.009019, "side": "buy", "trade_id": "BTCUSDT-1000625"}
{"event_ts": "2026-06-27T10:44:19.337Z", "symbol": "BTCUSDT", "price": 61072.15, "qty": 0.02611, "side": "sell", "trade_id": "BTCUSDT-1000626"}
{"event_ts": "2026-06-27T10:44:36.683Z", "symbol": "BTCUSDT", "price": 61050.7, "qty": 0.005409, "side": "buy", "trade_id": "BTCUSDT-1000627"}
{"event_ts": "2026-06-27T10:44:09.745Z", "symbol": "BTCUSDT", "price": 61029.55, "qty": 0.042848, "side": "sell", "trade_id": "BTCUSDT-1000628"}
{"event_ts": "2026-06-27T10:44:39.632Z", "symbol": "BTCUSDT", "price": 61007.67, "qty": 0.031345, "side": "buy", "trade_id": "BTCUSDT-1000629"}
{"event_ts": "2026-06-27T10:44:16.523Z", "symbol": "ETHUSDT", "price": 3369.76, "qty": 0.391464, "side": "buy", "trade_id": "ETHUSDT-1000591"}
{"event_ts": "2026-06-27T10:44:14.126Z", "symbol": "ETHUSDT", "price": 3369.43, "qty": 0.269327, "side": "sell", "trade_id": "ETHUSDT-1000592"}
{"event_ts": "2026-06-27T10:44:41.206Z", "symbol": "ETHUSDT", "price": 3369.43, "qty": 0.17743, "side": "buy", "trade_id": "ETHUSDT-1000593"}
{"event_ts": "2026-06-27T10:44:56.837Z", "symbol": "ETHUSDT", "price": 3369.93, "qty": 0.361521, "side": "buy", "trade_id": "ETHUSDT-1000594"}
{"event_ts": "2026-06-27T10:44:58.134Z", "symbol": "ETHUSDT", "price": 3370.49, "qty": 0.121387, "side": "buy", "trade_id": "ETHUSDT-1000595"}
{"event_ts": "2026-06-27T10:44:09.725Z", "symbol": "ETHUSDT", "price": 3371.8, "qty": 0.331376, "side": "sell", "trade_id": "ETHUSDT-1000596"}
{"event_ts": "2026-06-27T10:44:41.825Z", "symbol": "ETHUSDT", "price": 3373.57, "qty": 0.256006, "side": "buy", "trade_id": "ETHUSDT-1000597"}
{"event_ts": "2026-06-27T10:44:19.914Z", "symbol": "ETHUSDT", "price": 3372.03, "qty": 0.012545, "side": "buy", "trade_id": "ETHUSDT-1000598"}
{"event_ts": "2026-06-27T10:44:52.361Z", "symbol": "ETHUSDT", "price": 3374.02, "qty": 0.359004, "side": "buy", "trade_id": "ETHUSDT-1000599"}
{"event_ts": "2026-06-27T10:44:00.512Z", "symbol": "ETHUSDT", "price": 3374.31, "qty": 0.233747, "side": "sell", "trade_id": "ETHUSDT-1000600"}
{"event_ts": "2026-06-27T10:44:30.577Z", "symbol": "ETHUSDT", "price": 3375.03, "qty": 0.100314, "side": "sell", "trade_id": "ETHUSDT-1000601"}
{"event_ts": "2026-06-27T10:44:44.612Z", "symbol": "ETHUSDT", "price": 3373.27, "qty": 0.219249, "side": "buy", "trade_id": "ETHUSDT-1000602"}
{"event_ts": "2026-06-27T10:44:44.720Z", "symbol": "SOLUSDT", "price": 143.92, "qty": 35.786734, "side": "buy", "trade_id": "SOLUSDT-1000618"}
{"event_ts": "2026-06-27T10:44:25.432Z", "symbol": "SOLUSDT", "price": 143.98, "qty": 9.845568, "side": "buy", "trade_id": "SOLUSDT-1000619"}
{"event_ts": "2026-06-27T10:44:52.991Z", "symbol": "SOLUSDT", "price": 143.85, "qty": 18.361635, "side": "sell", "trade_id": "SOLUSDT-1000620"}
{"event_ts": "2026-06-27T10:44:01.386Z", "symbol": "SOLUSDT", "price": 143.78, "qty": 22.373837, "side": "sell", "trade_id": "SOLUSDT-1000621"}
{"event_ts": "2026-06-27T10:44:36.710Z", "symbol": "SOLUSDT", "price": 143.75, "qty": 17.666588, "side": "sell", "trade_id": "SOLUSDT-1000622"}
{"event_ts": "2026-06-27T10:44:07.472Z", "symbol": "SOLUSDT", "price": 143.74, "qty": 37.863708, "side": "sell", "trade_id": "SOLUSDT-1000623"}
{"event_ts": "2026-06-27T10:44:16.813Z", "symbol": "SOLUSDT", "price": 143.66, "qty": 17.944047, "side": "buy", "trade_id": "SOLUSDT-1000624"}
{"event_ts": "2026-06-27T10:44:07.250Z", "symbol": "SOLUSDT", "price": 143.63, "qty": 34.738922, "side": "sell", "trade_id": "SOLUSDT-1000625"}
{"event_ts": "2026-06-27T10:44:14.652Z", "symbol": "SOLUSDT", "price": 143.55, "qty": 30.647788, "side": "sell", "trade_id": "SOLUSDT-1000626"}
{"event_ts": "2026-06-27T10:44:07.298Z", "symbol": "SOLUSDT", "price": 143.55, "qty": 4.489135, "side": "buy", "trade_id": "SOLUSDT-1000627"}
{"event_ts": "2026-06-27T10:44:47.370Z", "symbol": "SOLUSDT", "price": 143.52, "qty": 24.846279, "side": "buy", "trade_id": "SOLUSDT-1000628"}
{"event_ts": "2026-06-27T10:44:33.014Z", "symbol": "SOLUSDT", "price": 143.49, "qty": 18.4595, "side": "sell", "trade_id": "SOLUSDT-1000629"}
{"event_ts": "2026-06-27T10:44:12.875Z", "symbol": "SOLUSDT", "price": 143.54, "qty": 37.297463, "side": "sell", "trade_id": "SOLUSDT-1000630"}
{"event_ts": "2026-06-27T10:44:26.105Z", "symbol": "SOLUSDT", "price": 143.61, "qty": 11.573937, "side": "buy", "trade_id": "SOLUSDT-1000631"}
