{"event_ts": "2026-06-27T10:18:01.055Z", "symbol": "BTCUSDT", "price": 60911.25, "qty": 0.048452, "side": "buy", "trade_id": "BTCUSDT-1000266"}
{"event_ts": "2026-06-27T10:18:33.943Z", "symbol": "BTCUSDT", "price": 60932.75, "qty": 0.01335, "side": "buy", "trade_id": "BTCUSDT-1000267"}
{"event_ts": "2026-06-27T10:18:40.808Z", "symbol": "BTCUSDT", "price": 60945.9, "qty": 0.031241, "side": "buy", "trade_id": "BTCUSDT-1000268"}
{"event_ts": "2026-06-27T10:18:48.699Z", "symbol": "BTCUSDT", "price": 60962.25, "qty": 0.015882, "side": "sell", "trade_id": "BTCUSDT-1000269"}
{"event_ts": "2026-06-27T10:18:59.385Z", "symbol": "BTCUSDT", "price": 60973.79, "qty": 0.014639, "side": "sell", "trade_id": "BTCUSDT-1000270"}
{"event_ts": "2026-06-27T10:18:43.085Z", "symbol": "BTCUSDT", "price": 60969.8, "qty": 0.013953, "side": "buy", "trade_id": "BTCUSDT-1000271"}
{"event_ts": "2026-06-27T10:18:27.613Z", "symbol": "BTCUSDT", "price": 60982.74, "qty": 0.014561, "side": "buy", "trade_id": "BTCUSDT-1000272"}
{"event_ts": "2026-06-27T10:18:40.191Z", "symbol": "BTCUSDT", "price": 60995.5, "qty": 0.048618, "side": "sell", "trade_id": "BTCUSDT-1000273"}
{"event_ts": "2026-06-27T10:18:51.041Z", "symbol": "BTCUSDT", "price": 60977.74, "qty": 0.013972, "side": "sell", "trade_id": "BTCUSDT-1000274"}
{"event_ts": "2026-06-27T10:18:40.999Z", "symbol": "BTCUSDT", "price": 60975.69, "qty": 0.030083, "side": "buy", "trade_id": "BTCUSDT-1000275"}
{"event_ts": "2026-06-27T10:18:19.985Z", "symbol": "BTCUSDT", "price": 60985.94, "qty": 0.023194, "side": "buy", "trade_id": "BTCUSDT-1000276"}
{"event_ts": "2026-06-27T10:18:09.660Z", "symbol": "BTCUSDT", "price": 60970.42, "qty": 0.02956, "side": "sell", "trade_id": "BTCUSDT-1000277"}
{"event_ts": "2026-06-27T10:18:10.342Z", "symbol": "BTCUSDT", "price": 60965.2, "qty": 0.049984, "side": "buy", "trade_id": "BTCUSDT-1000278"}
{"event_ts": "2026-06-27T10:18:12.825Z", "symbol": "ETHUSDT", "price": 3380.74, "qty": 0.433433, "side": "buy", "trade_id": "ETHUSDT-1000224"}
{"event_ts": "2026-06-27T10:18:06.640Z", "symbol": "ETHUSDT", "price": 3380.43, "qty": 0.480878, "side": "buy", "trade_id": "ETHUSDT-1000225"}
{"event_ts": "2026-06-27T10:18:47.855Z", "symbol": "ETHUSDT", "price": 3378.76, "qty": 0.15469, "side": "sell", "trade_id": "ETHUSDT-1000226"}
{"event_ts": "2026-06-27T10:18:08.213Z", "symbol": "ETHUSDT", "price": 3378.73, "qty": 0.085636, "side": "sell", "trade_id": "ETHUSDT-1000227"}
{"event_ts": "2026-06-27T10:18:10.359Z", "symbol": "ETHUSDT", "price": 3378.89, "qty": 0.306246, "side": "sell", "trade_id": "ETHUSDT-1000228"}
{"event_ts": "2026-06-27T10:18:16.314Z", "symbol": "ETHUSDT", "price": 3378.64, "qty": 0.131288, "side": "buy", "trade_id": "ETHUSDT-1000229"}
{"event_ts": "2026-06-27T10:18:12.883Z", "symbol": "ETHUSDT", "price": 3378.03, "qty": 0.392568, "side": "buy", "trade_id": "ETHUSDT-1000230"}
{"event_ts": "2026-06-27T10:18:38.240Z", "symbol": "ETHUSDT", "price": 3379.54, "qty": 0.427209, "side": "sell", "trade_id": "ETHUSDT-1000231"}
{"event_ts": "2026-06-27T10:18:34.842Z", "symbol": "ETHUSDT", "price": 3380.93, "qty": 0.340621, "side": "buy", "trade_id": "ETHUSDT-1000232"}
{"event_ts": "2026-06-27T10:18:03.642Z", "symbol": "ETHUSDT", "price": 3380.32, "qty": 0.263908, "side": "sell", "trade_id": "ETHUSDT-1000233"}
{"event_ts": "2026-06-27T10:18:06.292Z", "symbol": "ETHUSDT", "price": 3379.88, "qty": 0.37663, "side": "sell", "trade_id": "ETHUSDT-1000234"}
{"event_ts": "2026-06-27T10:18:07.726Z", "symbol": "ETHUSDT", "price": 3380.54, "qty": 0.245624, "side": "buy", "trade_id": "ETHUSDT-1000235"}
{"event_ts": "2026-06-27T10:18:33.321Z", "symbol": "ETHUSDT", "price": 3379.04, "qty": 0.035723, "side": "sell", "trade_id": "ETHUSDT-1000236"}
{"event_ts": "2026-06-27T10:18:45.220Z", "symbol": "ETHUSDT", "price": 3380.55, "qty": 0.22371, "side": "buy", "trade_id": "ETHUSDT-1000237"}
{"event_ts": "2026-06-27T10:18:17.920Z", "symbol": "ETHUSDT", "price": 3378.6, "qty": 0.299131, "side": "buy", "trade_id": "ETHUSDT-1000238"}
{"event_ts": "2026-06-27T10:18:23.060Z", "symbol": "ETHUSDT", "price": 3380.09, "qty": 0.138682, "side": "sell", "trade_id": "ETHUSDT-1000239"}
{"event_ts": "2026-06-27T10:18:52.633Z", "symbol": "SOLUSDT", "price": 143.31, "qty": 25.317236, "side": "buy", "trade_id": "SOLUSDT-1000245"}
{"event_ts": "2026-06-27T10:18:27.749Z", "symbol": "SOLUSDT", "price": 143.22, "qty": 36.506887, "side": "buy", "trade_id": "SOLUSDT-1000246"}
{"event_ts": "2026-06-27T10:18:35.168Z", "symbol": "SOLUSDT", "price": 143.12, "qty": 10.509113, "side": "sell", "trade_id": "SOLUSDT-1000247"}
{"event_ts": "2026-06-27T10:18:26.763Z", "symbol": "SOLUSDT", "price": 143.22, "qty": 34.461569, "side": "buy", "trade_id": "SOLUSDT-1000248"}
{"event_ts": "2026-06-27T10:18:45.394Z", "symbol": "SOLUSDT", "price": 143.28, "qty": 39.120902, "side": "buy", "trade_id": "SOLUSDT-1000249"}
{"event_ts": "2026-06-27T10:18:20.879Z", "symbol": "SOLUSDT", "price": 143.41, "qty": 33.981846, "side": "sell", "trade_id": "SOLUSDT-1000250"}
{"event_ts": "2026-06-27T10:18:30.646Z", "symbol": "SOLUSDT", "price": 143.44, "qty": 11.276862, "side": "buy", "trade_id": "SOLUSDT-1000251"}
{"event_ts": "2026-06-27T10:18:05.102Z", "symbol": "SOLUSDT", "price": 143.38, "qty": 39.427746, "side": "sell", "trade_id": "SOLUSDT-1000252"}
{"event_ts": "2026-06-27T10:18:26.876Z", "symbol": "SOLUSDT", "price": 143.33, "qty": 2.14421, "side": "buy", "trade_id": "SOLUSDT-1000253"}
