{"event_ts": "2026-06-27T10:51:27.452Z", "symbol": "BTCUSDT", "price": 61037.02, "qty": 0.005115, "side": "sell", "trade_id": "BTCUSDT-1000700"}
{"event_ts": "2026-06-27T10:51:17.388Z", "symbol": "BTCUSDT", "price": 61052.79, "qty": 0.02138, "side": "buy", "trade_id": "BTCUSDT-1000701"}
{"event_ts": "2026-06-27T10:51:07.673Z", "symbol": "BTCUSDT", "price": 61047.04, "qty": 0.00882, "side": "buy", "trade_id": "BTCUSDT-1000702"}
{"event_ts": "2026-06-27T10:51:45.639Z", "symbol": "BTCUSDT", "price": 61028.17, "qty": 0.023078, "side": "sell", "trade_id": "BTCUSDT-1000703"}
{"event_ts": "2026-06-27T10:51:15.556Z", "symbol": "BTCUSDT", "price": 61038.62, "qty": 0.002145, "side": "sell", "trade_id": "BTCUSDT-1000704"}
{"event_ts": "2026-06-27T10:51:09.262Z", "symbol": "BTCUSDT", "price": 61025.87, "qty": 0.027117, "side": "buy", "trade_id": "BTCUSDT-1000705"}
{"event_ts": "2026-06-27T10:51:28.559Z", "symbol": "BTCUSDT", "price": 61042.95, "qty": 0.037874, "side": "buy", "trade_id": "BTCUSDT-1000706"}
{"event_ts": "2026-06-27T10:51:09.387Z", "symbol": "BTCUSDT", "price": 61061.55, "qty": 0.049284, "side": "sell", "trade_id": "BTCUSDT-1000707"}
{"event_ts": "2026-06-27T10:51:18.359Z", "symbol": "BTCUSDT", "price": 61051.97, "qty": 0.026536, "side": "buy", "trade_id": "BTCUSDT-1000708"}
{"event_ts": "2026-06-27T10:51:59.166Z", "symbol": "BTCUSDT", "price": 61034.5, "qty": 0.045443, "side": "sell", "trade_id": "BTCUSDT-1000709"}
{"event_ts": "2026-06-27T10:51:54.798Z", "symbol": "BTCUSDT", "price": 61022.62, "qty": 0.026672, "side": "buy", "trade_id": "BTCUSDT-1000710"}
{"event_ts": "2026-06-27T10:51:20.640Z", "symbol": "BTCUSDT", "price": 61002.52, "qty": 0.001272, "side": "buy", "trade_id": "BTCUSDT-1000711"}
{"event_ts": "2026-06-27T10:51:12.286Z", "symbol": "ETHUSDT", "price": 3361.91, "qty": 0.290873, "side": "sell", "trade_id": "ETHUSDT-1000696"}
{"event_ts": "2026-06-27T10:51:13.506Z", "symbol": "ETHUSDT", "price": 3362.76, "qty": 0.171158, "side": "buy", "trade_id": "ETHUSDT-1000697"}
{"event_ts": "2026-06-27T10:51:47.329Z", "symbol": "ETHUSDT", "price": 3363.76, "qty": 0.05012, "side": "buy", "trade_id": "ETHUSDT-1000698"}
{"event_ts": "2026-06-27T10:51:40.221Z", "symbol": "ETHUSDT", "price": 3363.62, "qty": 0.142971, "side": "buy", "trade_id": "ETHUSDT-1000699"}
{"event_ts": "2026-06-27T10:51:44.332Z", "symbol": "ETHUSDT", "price": 3364.79, "qty": 0.203848, "side": "sell", "trade_id": "ETHUSDT-1000700"}
{"event_ts": "2026-06-27T10:51:28.732Z", "symbol": "ETHUSDT", "price": 3366.56, "qty": 0.466638, "side": "sell", "trade_id": "ETHUSDT-1000701"}
{"event_ts": "2026-06-27T10:51:13.398Z", "symbol": "ETHUSDT", "price": 3367.12, "qty": 0.145227, "side": "buy", "trade_id": "ETHUSDT-1000702"}
{"event_ts": "2026-06-27T10:51:23.049Z", "symbol": "ETHUSDT", "price": 3365.32, "qty": 0.025869, "side": "buy", "trade_id": "ETHUSDT-1000703"}
{"event_ts": "2026-06-27T10:51:11.992Z", "symbol": "ETHUSDT", "price": 3366.3, "qty": 0.082629, "side": "buy", "trade_id": "ETHUSDT-1000704"}
{"event_ts": "2026-06-27T10:51:35.153Z", "symbol": "ETHUSDT", "price": 3366.61, "qty": 0.429935, "side": "buy", "trade_id": "ETHUSDT-1000705"}
{"event_ts": "2026-06-27T10:51:39.487Z", "symbol": "ETHUSDT", "price": 3365.64, "qty": 0.334359, "side": "buy", "trade_id": "ETHUSDT-1000706"}
{"event_ts": "2026-06-27T10:51:05.915Z", "symbol": "ETHUSDT", "price": 3363.79, "qty": 0.348628, "side": "buy", "trade_id": "ETHUSDT-1000707"}
{"event_ts": "2026-06-27T10:51:32.608Z", "symbol": "ETHUSDT", "price": 3362.35, "qty": 0.042922, "side": "buy", "trade_id": "ETHUSDT-1000708"}
{"event_ts": "2026-06-27T10:51:28.047Z", "symbol": "ETHUSDT", "price": 3363.06, "qty": 0.225366, "side": "buy", "trade_id": "ETHUSDT-1000709"}
{"event_ts": "2026-06-27T10:51:45.093Z", "symbol": "SOLUSDT", "price": 144.83, "qty": 36.162257, "side": "sell", "trade_id": "SOLUSDT-1000713"}
{"event_ts": "2026-06-27T10:51:37.415Z", "symbol": "SOLUSDT", "price": 144.85, "qty": 28.290423, "side": "sell", "trade_id": "SOLUSDT-1000714"}
{"event_ts": "2026-06-27T10:51:41.158Z", "symbol": "SOLUSDT", "price": 144.96, "qty": 13.578108, "side": "sell", "trade_id": "SOLUSDT-1000715"}
{"event_ts": "2026-06-27T10:51:46.416Z", "symbol": "SOLUSDT", "price": 144.87, "qty": 6.230622, "side": "buy", "trade_id": "SOLUSDT-1000716"}
{"event_ts": "2026-06-27T10:51:00.617Z", "symbol": "SOLUSDT", "price": 145.02, "qty": 38.927358, "side": "buy", "trade_id": "SOLUSDT-1000717"}
{"event_ts": "2026-06-27T10:51:17.237Z", "symbol": "SOLUSDT", "price": 145.08, "qty": 27.640843, "side": "sell", "trade_id": "SOLUSDT-1000718"}
{"event_ts": "2026-06-27T10:51:55.369Z", "symbol": "SOLUSDT", "price": 144.98, "qty": 25.106858, "side": "sell", "trade_id": "SOLUSDT-1000719"}
{"event_ts": "2026-06-27T10:51:39.110Z", "symbol": "SOLUSDT", "price": 144.96, "qty": 1.956089, "side": "sell", "trade_id": "SOLUSDT-1000720"}
{"event_ts": "2026-06-27T10:51:16.811Z", "symbol": "SOLUSDT", "price": 145.04, "qty": 21.66011, "side": "sell", "trade_id": "SOLUSDT-1000721"}
{"event_ts": "2026-06-27T10:51:21.814Z", "symbol": "SOLUSDT", "price": 144.92, "qty": 15.66747, "side": "sell", "trade_id": "SOLUSDT-1000722"}
{"event_ts": "2026-06-27T10:51:15.035Z", "symbol": "SOLUSDT", "price": 144.8, "qty": 26.925607, "side": "buy", "trade_id": "SOLUSDT-1000723"}
{"event_ts": "2026-06-27T10:51:49.306Z", "symbol": "SOLUSDT", "price": 144.74, "qty": 14.006236, "side": "sell", "trade_id": "SOLUSDT-1000724"}
{"event_ts": "2026-06-27T10:51:48.467Z", "symbol": "SOLUSDT", "price": 144.67, "qty": 28.529908, "side": "sell", "trade_id": "SOLUSDT-1000725"}
{"event_ts": "2026-06-27T10:51:49.258Z", "symbol": "SOLUSDT", "price": 144.75, "qty": 34.181714, "side": "buy", "trade_id": "SOLUSDT-1000726"}
{"event_ts": "2026-06-27T10:51:13.224Z", "symbol": "SOLUSDT", "price": 144.85, "qty": 3.180526, "side": "sell", "trade_id": "SOLUSDT-1000727"}
{"event_ts": "2026-06-27T10:51:54.232Z", "symbol": "SOLUSDT", "price": 144.96, "qty": 10.913629, "side": "buy", "trade_id": "SOLUSDT-1000728"}
{"event_ts": "2026-06-27T10:51:27.466Z", "symbol": "SOLUSDT", "price": 144.86, "qty": 36.48304, "side": "sell", "trade_id": "SOLUSDT-1000729"}
{"event_ts": "2026-06-27T10:51:28.473Z", "symbol": "SOLUSDT", "price": 144.81, "qty": 25.577638, "side": "buy", "trade_id": "SOLUSDT-1000730"}
