{"event_ts": "2026-06-27T10:03:17.591Z", "symbol": "BTCUSDT", "price": 61019.61, "qty": 0.040156, "side": "buy", "trade_id": "BTCUSDT-1000045"}
{"event_ts": "2026-06-27T10:03:31.393Z", "symbol": "BTCUSDT", "price": 61038.25, "qty": 0.031279, "side": "sell", "trade_id": "BTCUSDT-1000046"}
{"event_ts": "2026-06-27T10:03:18.230Z", "symbol": "BTCUSDT", "price": 61024.37, "qty": 0.025821, "side": "sell", "trade_id": "BTCUSDT-1000047"}
{"event_ts": "2026-06-27T10:03:23.151Z", "symbol": "BTCUSDT", "price": 61036.41, "qty": 0.045197, "side": "buy", "trade_id": "BTCUSDT-1000048"}
{"event_ts": "2026-06-27T10:03:46.826Z", "symbol": "BTCUSDT", "price": 61019.47, "qty": 0.001498, "side": "buy", "trade_id": "BTCUSDT-1000049"}
{"event_ts": "2026-06-27T10:03:09.417Z", "symbol": "BTCUSDT", "price": 61017.0, "qty": 0.032998, "side": "buy", "trade_id": "BTCUSDT-1000050"}
{"event_ts": "2026-06-27T10:03:45.395Z", "symbol": "BTCUSDT", "price": 61017.6, "qty": 0.02678, "side": "sell", "trade_id": "BTCUSDT-1000051"}
{"event_ts": "2026-06-27T10:03:59.660Z", "symbol": "BTCUSDT", "price": 61001.28, "qty": 0.019952, "side": "sell", "trade_id": "BTCUSDT-1000052"}
{"event_ts": "2026-06-27T10:03:52.360Z", "symbol": "BTCUSDT", "price": 61011.08, "qty": 0.040088, "side": "sell", "trade_id": "BTCUSDT-1000053"}
{"event_ts": "2026-06-27T10:03:20.926Z", "symbol": "BTCUSDT", "price": 60996.42, "qty": 0.010345, "side": "sell", "trade_id": "BTCUSDT-1000054"}
{"event_ts": "2026-06-27T10:03:44.266Z", "symbol": "BTCUSDT", "price": 60984.95, "qty": 0.04465, "side": "buy", "trade_id": "BTCUSDT-1000055"}
{"event_ts": "2026-06-27T10:03:50.112Z", "symbol": "BTCUSDT", "price": 60962.29, "qty": 0.037131, "side": "buy", "trade_id": "BTCUSDT-1000056"}
{"event_ts": "2026-06-27T10:03:46.101Z", "symbol": "ETHUSDT", "price": 3394.46, "qty": 0.437102, "side": "buy", "trade_id": "ETHUSDT-1000047"}
{"event_ts": "2026-06-27T10:03:07.763Z", "symbol": "ETHUSDT", "price": 3393.45, "qty": 0.45661, "side": "sell", "trade_id": "ETHUSDT-1000048"}
{"event_ts": "2026-06-27T10:03:38.581Z", "symbol": "ETHUSDT", "price": 3394.36, "qty": 0.367402, "side": "buy", "trade_id": "ETHUSDT-1000049"}
{"event_ts": "2026-06-27T10:03:40.017Z", "symbol": "ETHUSDT", "price": 3396.17, "qty": 0.118578, "side": "sell", "trade_id": "ETHUSDT-1000050"}
{"event_ts": "2026-06-27T10:03:47.254Z", "symbol": "ETHUSDT", "price": 3397.97, "qty": 0.354033, "side": "sell", "trade_id": "ETHUSDT-1000051"}
{"event_ts": "2026-06-27T10:03:52.810Z", "symbol": "ETHUSDT", "price": 3398.88, "qty": 0.058122, "side": "buy", "trade_id": "ETHUSDT-1000052"}
{"event_ts": "2026-06-27T10:03:49.664Z", "symbol": "ETHUSDT", "price": 3400.84, "qty": 0.130964, "side": "buy", "trade_id": "ETHUSDT-1000053"}
{"event_ts": "2026-06-27T10:03:48.385Z", "symbol": "ETHUSDT", "price": 3398.85, "qty": 0.178284, "side": "buy", "trade_id": "ETHUSDT-1000054"}
{"event_ts": "2026-06-27T10:03:59.388Z", "symbol": "ETHUSDT", "price": 3400.62, "qty": 0.135483, "side": "buy", "trade_id": "ETHUSDT-1000055"}
{"event_ts": "2026-06-27T10:03:35.383Z", "symbol": "ETHUSDT", "price": 3402.19, "qty": 0.398584, "side": "sell", "trade_id": "ETHUSDT-1000056"}
{"event_ts": "2026-06-27T10:03:41.026Z", "symbol": "ETHUSDT", "price": 3402.84, "qty": 0.491792, "side": "sell", "trade_id": "ETHUSDT-1000057"}
{"event_ts": "2026-06-27T10:03:00.436Z", "symbol": "ETHUSDT", "price": 3402.6, "qty": 0.374111, "side": "buy", "trade_id": "ETHUSDT-1000058"}
{"event_ts": "2026-06-27T10:03:54.374Z", "symbol": "ETHUSDT", "price": 3401.76, "qty": 0.331972, "side": "sell", "trade_id": "ETHUSDT-1000059"}
{"event_ts": "2026-06-27T10:03:04.045Z", "symbol": "SOLUSDT", "price": 146.24, "qty": 11.894808, "side": "sell", "trade_id": "SOLUSDT-1000040"}
{"event_ts": "2026-06-27T10:03:45.034Z", "symbol": "SOLUSDT", "price": 146.36, "qty": 20.81483, "side": "buy", "trade_id": "SOLUSDT-1000041"}
{"event_ts": "2026-06-27T10:03:05.328Z", "symbol": "SOLUSDT", "price": 146.25, "qty": 37.903239, "side": "sell", "trade_id": "SOLUSDT-1000042"}
{"event_ts": "2026-06-27T10:03:02.490Z", "symbol": "SOLUSDT", "price": 146.12, "qty": 24.338911, "side": "buy", "trade_id": "SOLUSDT-1000043"}
{"event_ts": "2026-06-27T10:03:54.706Z", "symbol": "SOLUSDT", "price": 146.18, "qty": 34.221004, "side": "buy", "trade_id": "SOLUSDT-1000044"}
{"event_ts": "2026-06-27T10:03:26.180Z", "symbol": "SOLUSDT", "price": 146.19, "qty": 3.517474, "side": "sell", "trade_id": "SOLUSDT-1000045"}
{"event_ts": "2026-06-27T10:03:31.625Z", "symbol": "SOLUSDT", "price": 146.33, "qty": 23.677161, "side": "buy", "trade_id": "SOLUSDT-1000046"}
{"event_ts": "2026-06-27T10:03:27.649Z", "symbol": "SOLUSDT", "price": 146.44, "qty": 32.001958, "side": "buy", "trade_id": "SOLUSDT-1000047"}
{"event_ts": "2026-06-27T10:03:24.237Z", "symbol": "SOLUSDT", "price": 146.43, "qty": 6.092152, "side": "buy", "trade_id": "SOLUSDT-1000048"}
{"event_ts": "2026-06-27T10:03:06.122Z", "symbol": "SOLUSDT", "price": 146.45, "qty": 30.096506, "side": "sell", "trade_id": "SOLUSDT-1000049"}
{"event_ts": "2026-06-27T10:03:46.616Z", "symbol": "SOLUSDT", "price": 146.38, "qty": 25.789225, "side": "buy", "trade_id": "SOLUSDT-1000050"}
{"event_ts": "2026-06-27T10:03:17.096Z", "symbol": "SOLUSDT", "price": 146.24, "qty": 29.766427, "side": "sell", "trade_id": "SOLUSDT-1000051"}
{"event_ts": "2026-06-27T10:03:24.907Z", "symbol": "SOLUSDT", "price": 146.1, "qty": 5.006371, "side": "buy", "trade_id": "SOLUSDT-1000052"}
{"event_ts": "2026-06-27T10:03:17.446Z", "symbol": "SOLUSDT", "price": 146.03, "qty": 10.207533, "side": "buy", "trade_id": "SOLUSDT-1000053"}
{"event_ts": "2026-06-27T10:03:21.692Z", "symbol": "SOLUSDT", "price": 145.93, "qty": 28.164709, "side": "buy", "trade_id": "SOLUSDT-1000054"}
