{"event_ts": "2026-06-27T10:59:35.168Z", "symbol": "BTCUSDT", "price": 60854.54, "qty": 0.010448, "side": "sell", "trade_id": "BTCUSDT-1000810"}
{"event_ts": "2026-06-27T10:59:26.478Z", "symbol": "BTCUSDT", "price": 60834.89, "qty": 0.029949, "side": "buy", "trade_id": "BTCUSDT-1000811"}
{"event_ts": "2026-06-27T10:59:52.338Z", "symbol": "BTCUSDT", "price": 60819.3, "qty": 0.008965, "side": "buy", "trade_id": "BTCUSDT-1000812"}
{"event_ts": "2026-06-27T10:59:45.690Z", "symbol": "BTCUSDT", "price": 60834.12, "qty": 0.023052, "side": "buy", "trade_id": "BTCUSDT-1000813"}
{"event_ts": "2026-06-27T10:59:33.279Z", "symbol": "BTCUSDT", "price": 60857.49, "qty": 0.039756, "side": "buy", "trade_id": "BTCUSDT-1000814"}
{"event_ts": "2026-06-27T10:59:41.891Z", "symbol": "BTCUSDT", "price": 60858.97, "qty": 0.043782, "side": "sell", "trade_id": "BTCUSDT-1000815"}
{"event_ts": "2026-06-27T10:59:03.655Z", "symbol": "BTCUSDT", "price": 60861.41, "qty": 0.010717, "side": "buy", "trade_id": "BTCUSDT-1000816"}
{"event_ts": "2026-06-27T10:59:57.605Z", "symbol": "BTCUSDT", "price": 60876.42, "qty": 0.029049, "side": "sell", "trade_id": "BTCUSDT-1000817"}
{"event_ts": "2026-06-27T10:59:12.256Z", "symbol": "BTCUSDT", "price": 60897.02, "qty": 0.023141, "side": "sell", "trade_id": "BTCUSDT-1000818"}
{"event_ts": "2026-06-27T10:59:32.920Z", "symbol": "BTCUSDT", "price": 60900.86, "qty": 0.00234, "side": "sell", "trade_id": "BTCUSDT-1000819"}
{"event_ts": "2026-06-27T10:59:12.826Z", "symbol": "BTCUSDT", "price": 60883.48, "qty": 0.049823, "side": "sell", "trade_id": "BTCUSDT-1000820"}
{"event_ts": "2026-06-27T10:59:25.988Z", "symbol": "BTCUSDT", "price": 60868.68, "qty": 0.015081, "side": "buy", "trade_id": "BTCUSDT-1000821"}
{"event_ts": "2026-06-27T10:59:22.766Z", "symbol": "BTCUSDT", "price": 60856.19, "qty": 0.010904, "side": "sell", "trade_id": "BTCUSDT-1000822"}
{"event_ts": "2026-06-27T10:59:10.593Z", "symbol": "BTCUSDT", "price": 60856.59, "qty": 0.004657, "side": "sell", "trade_id": "BTCUSDT-1000823"}
{"event_ts": "2026-06-27T10:59:53.928Z", "symbol": "BTCUSDT", "price": 60867.29, "qty": 0.009313, "side": "sell", "trade_id": "BTCUSDT-1000824"}
{"event_ts": "2026-06-27T10:59:09.353Z", "symbol": "BTCUSDT", "price": 60885.82, "qty": 0.011937, "side": "sell", "trade_id": "BTCUSDT-1000825"}
{"event_ts": "2026-06-27T10:59:03.664Z", "symbol": "BTCUSDT", "price": 60871.15, "qty": 0.040596, "side": "sell", "trade_id": "BTCUSDT-1000826"}
{"event_ts": "2026-06-27T10:59:44.184Z", "symbol": "BTCUSDT", "price": 60849.4, "qty": 0.007965, "side": "sell", "trade_id": "BTCUSDT-1000827"}
{"event_ts": "2026-06-27T10:59:25.981Z", "symbol": "BTCUSDT", "price": 60843.9, "qty": 0.021042, "side": "buy", "trade_id": "BTCUSDT-1000828"}
{"event_ts": "2026-06-27T10:59:44.461Z", "symbol": "BTCUSDT", "price": 60849.96, "qty": 0.043121, "side": "sell", "trade_id": "BTCUSDT-1000829"}
{"event_ts": "2026-06-27T10:59:40.027Z", "symbol": "ETHUSDT", "price": 3365.12, "qty": 0.48965, "side": "buy", "trade_id": "ETHUSDT-1000807"}
{"event_ts": "2026-06-27T10:59:56.771Z", "symbol": "ETHUSDT", "price": 3364.38, "qty": 0.478858, "side": "sell", "trade_id": "ETHUSDT-1000808"}
{"event_ts": "2026-06-27T10:59:00.984Z", "symbol": "ETHUSDT", "price": 3365.89, "qty": 0.34287, "side": "buy", "trade_id": "ETHUSDT-1000809"}
{"event_ts": "2026-06-27T10:59:00.784Z", "symbol": "ETHUSDT", "price": 3364.61, "qty": 0.099261, "side": "sell", "trade_id": "ETHUSDT-1000810"}
{"event_ts": "2026-06-27T10:59:20.635Z", "symbol": "ETHUSDT", "price": 3363.47, "qty": 0.327889, "side": "buy", "trade_id": "ETHUSDT-1000811"}
{"event_ts": "2026-06-27T10:59:05.876Z", "symbol": "ETHUSDT", "price": 3361.61, "qty": 0.313818, "side": "buy", "trade_id": "ETHUSDT-1000812"}
{"event_ts": "2026-06-27T10:59:36.389Z", "symbol": "ETHUSDT", "price": 3359.95, "qty": 0.310768, "side": "buy", "trade_id": "ETHUSDT-1000813"}
{"event_ts": "2026-06-27T10:59:49.083Z", "symbol": "ETHUSDT", "price": 3358.15, "qty": 0.319347, "side": "sell", "trade_id": "ETHUSDT-1000814"}
{"event_ts": "2026-06-27T10:59:03.149Z", "symbol": "SOLUSDT", "price": 143.91, "qty": 2.496736, "side": "sell", "trade_id": "SOLUSDT-1000828"}
{"event_ts": "2026-06-27T10:59:36.836Z", "symbol": "SOLUSDT", "price": 143.95, "qty": 31.166633, "side": "sell", "trade_id": "SOLUSDT-1000829"}
{"event_ts": "2026-06-27T10:59:13.350Z", "symbol": "SOLUSDT", "price": 144.0, "qty": 15.630369, "side": "buy", "trade_id": "SOLUSDT-1000830"}
{"event_ts": "2026-06-27T10:59:54.389Z", "symbol": "SOLUSDT", "price": 144.08, "qty": 38.02086, "side": "sell", "trade_id": "SOLUSDT-1000831"}
{"event_ts": "2026-06-27T10:59:04.604Z", "symbol": "SOLUSDT", "price": 144.1, "qty": 17.461097, "side": "sell", "trade_id": "SOLUSDT-1000832"}
{"event_ts": "2026-06-27T10:59:42.668Z", "symbol": "SOLUSDT", "price": 144.16, "qty": 27.783569, "side": "sell", "trade_id": "SOLUSDT-1000833"}
{"event_ts": "2026-06-27T10:59:38.965Z", "symbol": "SOLUSDT", "price": 144.21, "qty": 10.776157, "side": "sell", "trade_id": "SOLUSDT-1000834"}
{"event_ts": "2026-06-27T10:59:54.507Z", "symbol": "SOLUSDT", "price": 144.32, "qty": 38.719937, "side": "buy", "trade_id": "SOLUSDT-1000835"}
{"event_ts": "2026-06-27T10:59:03.694Z", "symbol": "SOLUSDT", "price": 144.33, "qty": 31.696956, "side": "sell", "trade_id": "SOLUSDT-1000836"}
{"event_ts": "2026-06-27T10:59:42.319Z", "symbol": "SOLUSDT", "price": 144.21, "qty": 27.850012, "side": "buy", "trade_id": "SOLUSDT-1000837"}
{"event_ts": "2026-06-27T10:59:29.555Z", "symbol": "SOLUSDT", "price": 144.25, "qty": 23.908226, "side": "buy", "trade_id": "SOLUSDT-1000838"}
{"event_ts": "2026-06-27T10:59:58.888Z", "symbol": "SOLUSDT", "price": 144.34, "qty": 31.435735, "side": "sell", "trade_id": "SOLUSDT-1000839"}
{"event_ts": "2026-06-27T10:59:14.079Z", "symbol": "SOLUSDT", "price": 144.41, "qty": 25.053809, "side": "sell", "trade_id": "SOLUSDT-1000840"}
{"event_ts": "2026-06-27T10:59:04.090Z", "symbol": "SOLUSDT", "price": 144.43, "qty": 27.714059, "side": "buy", "trade_id": "SOLUSDT-1000841"}
{"event_ts": "2026-06-27T10:59:59.598Z", "symbol": "SOLUSDT", "price": 144.35, "qty": 2.405353, "side": "buy", "trade_id": "SOLUSDT-1000842"}
{"event_ts": "2026-06-27T10:59:33.503Z", "symbol": "SOLUSDT", "price": 144.34, "qty": 4.14624, "side": "sell", "trade_id": "SOLUSDT-1000843"}
{"event_ts": "2026-06-27T10:59:26.409Z", "symbol": "SOLUSDT", "price": 144.19, "qty": 3.159769, "side": "sell", "trade_id": "SOLUSDT-1000844"}
