{"event_ts": "2026-06-27T10:26:21.741Z", "symbol": "BTCUSDT", "price": 60979.89, "qty": 0.003654, "side": "buy", "trade_id": "BTCUSDT-1000382"}
{"event_ts": "2026-06-27T10:26:52.076Z", "symbol": "BTCUSDT", "price": 60978.05, "qty": 0.013142, "side": "buy", "trade_id": "BTCUSDT-1000383"}
{"event_ts": "2026-06-27T10:26:37.895Z", "symbol": "BTCUSDT", "price": 61000.32, "qty": 0.042008, "side": "sell", "trade_id": "BTCUSDT-1000384"}
{"event_ts": "2026-06-27T10:26:13.580Z", "symbol": "BTCUSDT", "price": 60995.38, "qty": 0.034278, "side": "buy", "trade_id": "BTCUSDT-1000385"}
{"event_ts": "2026-06-27T10:26:59.426Z", "symbol": "BTCUSDT", "price": 60992.06, "qty": 0.024573, "side": "buy", "trade_id": "BTCUSDT-1000386"}
{"event_ts": "2026-06-27T10:26:02.963Z", "symbol": "BTCUSDT", "price": 61011.41, "qty": 0.011613, "side": "sell", "trade_id": "BTCUSDT-1000387"}
{"event_ts": "2026-06-27T10:26:21.964Z", "symbol": "BTCUSDT", "price": 61026.86, "qty": 0.025889, "side": "sell", "trade_id": "BTCUSDT-1000388"}
{"event_ts": "2026-06-27T10:26:28.124Z", "symbol": "BTCUSDT", "price": 61049.31, "qty": 0.016302, "side": "sell", "trade_id": "BTCUSDT-1000389"}
{"event_ts": "2026-06-27T10:26:09.349Z", "symbol": "BTCUSDT", "price": 61071.99, "qty": 0.035579, "side": "sell", "trade_id": "BTCUSDT-1000390"}
{"event_ts": "2026-06-27T10:26:24.572Z", "symbol": "BTCUSDT", "price": 61076.79, "qty": 0.045608, "side": "sell", "trade_id": "BTCUSDT-1000391"}
{"event_ts": "2026-06-27T10:26:58.025Z", "symbol": "BTCUSDT", "price": 61080.52, "qty": 0.033503, "side": "buy", "trade_id": "BTCUSDT-1000392"}
{"event_ts": "2026-06-27T10:26:43.272Z", "symbol": "ETHUSDT", "price": 3382.89, "qty": 0.080463, "side": "sell", "trade_id": "ETHUSDT-1000340"}
{"event_ts": "2026-06-27T10:26:09.010Z", "symbol": "ETHUSDT", "price": 3384.79, "qty": 0.298785, "side": "sell", "trade_id": "ETHUSDT-1000341"}
{"event_ts": "2026-06-27T10:26:10.899Z", "symbol": "ETHUSDT", "price": 3383.7, "qty": 0.233406, "side": "sell", "trade_id": "ETHUSDT-1000342"}
{"event_ts": "2026-06-27T10:26:51.963Z", "symbol": "ETHUSDT", "price": 3381.86, "qty": 0.177061, "side": "sell", "trade_id": "ETHUSDT-1000343"}
{"event_ts": "2026-06-27T10:26:16.318Z", "symbol": "ETHUSDT", "price": 3380.42, "qty": 0.04883, "side": "sell", "trade_id": "ETHUSDT-1000344"}
{"event_ts": "2026-06-27T10:26:39.413Z", "symbol": "ETHUSDT", "price": 3379.31, "qty": 0.016579, "side": "buy", "trade_id": "ETHUSDT-1000345"}
{"event_ts": "2026-06-27T10:26:44.742Z", "symbol": "ETHUSDT", "price": 3380.85, "qty": 0.087107, "side": "sell", "trade_id": "ETHUSDT-1000346"}
{"event_ts": "2026-06-27T10:26:52.966Z", "symbol": "ETHUSDT", "price": 3381.83, "qty": 0.408415, "side": "sell", "trade_id": "ETHUSDT-1000347"}
{"event_ts": "2026-06-27T10:26:44.784Z", "symbol": "ETHUSDT", "price": 3382.79, "qty": 0.147353, "side": "sell", "trade_id": "ETHUSDT-1000348"}
{"event_ts": "2026-06-27T10:26:46.041Z", "symbol": "ETHUSDT", "price": 3383.28, "qty": 0.139888, "side": "sell", "trade_id": "ETHUSDT-1000349"}
{"event_ts": "2026-06-27T10:26:19.405Z", "symbol": "ETHUSDT", "price": 3384.42, "qty": 0.014967, "side": "sell", "trade_id": "ETHUSDT-1000350"}
{"event_ts": "2026-06-27T10:26:31.751Z", "symbol": "SOLUSDT", "price": 142.61, "qty": 13.536431, "side": "sell", "trade_id": "SOLUSDT-1000355"}
{"event_ts": "2026-06-27T10:26:50.702Z", "symbol": "SOLUSDT", "price": 142.59, "qty": 32.233927, "side": "sell", "trade_id": "SOLUSDT-1000356"}
{"event_ts": "2026-06-27T10:26:10.238Z", "symbol": "SOLUSDT", "price": 142.53, "qty": 27.618944, "side": "buy", "trade_id": "SOLUSDT-1000357"}
{"event_ts": "2026-06-27T10:26:27.593Z", "symbol": "SOLUSDT", "price": 142.49, "qty": 3.544123, "side": "sell", "trade_id": "SOLUSDT-1000358"}
{"event_ts": "2026-06-27T10:26:31.905Z", "symbol": "SOLUSDT", "price": 142.62, "qty": 28.660855, "side": "buy", "trade_id": "SOLUSDT-1000359"}
{"event_ts": "2026-06-27T10:26:23.798Z", "symbol": "SOLUSDT", "price": 142.73, "qty": 13.721135, "side": "buy", "trade_id": "SOLUSDT-1000360"}
{"event_ts": "2026-06-27T10:26:53.949Z", "symbol": "SOLUSDT", "price": 142.6, "qty": 27.51707, "side": "buy", "trade_id": "SOLUSDT-1000361"}
{"event_ts": "2026-06-27T10:26:23.579Z", "symbol": "SOLUSDT", "price": 142.58, "qty": 24.162674, "side": "sell", "trade_id": "SOLUSDT-1000362"}
{"event_ts": "2026-06-27T10:26:27.619Z", "symbol": "SOLUSDT", "price": 142.57, "qty": 39.338982, "side": "sell", "trade_id": "SOLUSDT-1000363"}
{"event_ts": "2026-06-27T10:26:58.351Z", "symbol": "SOLUSDT", "price": 142.43, "qty": 5.836201, "side": "buy", "trade_id": "SOLUSDT-1000364"}
{"event_ts": "2026-06-27T10:26:03.845Z", "symbol": "SOLUSDT", "price": 142.58, "qty": 3.616912, "side": "buy", "trade_id": "SOLUSDT-1000365"}
