{"event_ts": "2026-06-27T10:22:43.958Z", "symbol": "BTCUSDT", "price": 60999.51, "qty": 0.005044, "side": "sell", "trade_id": "BTCUSDT-1000328"}
{"event_ts": "2026-06-27T10:22:07.542Z", "symbol": "BTCUSDT", "price": 60990.59, "qty": 0.007251, "side": "sell", "trade_id": "BTCUSDT-1000329"}
{"event_ts": "2026-06-27T10:22:30.007Z", "symbol": "BTCUSDT", "price": 61003.86, "qty": 0.045791, "side": "sell", "trade_id": "BTCUSDT-1000330"}
{"event_ts": "2026-06-27T10:22:12.361Z", "symbol": "BTCUSDT", "price": 60991.91, "qty": 0.040373, "side": "buy", "trade_id": "BTCUSDT-1000331"}
{"event_ts": "2026-06-27T10:22:09.474Z", "symbol": "BTCUSDT", "price": 61012.27, "qty": 0.016883, "side": "buy", "trade_id": "BTCUSDT-1000332"}
{"event_ts": "2026-06-27T10:22:27.707Z", "symbol": "BTCUSDT", "price": 61013.17, "qty": 0.040421, "side": "sell", "trade_id": "BTCUSDT-1000333"}
{"event_ts": "2026-06-27T10:22:03.692Z", "symbol": "BTCUSDT", "price": 61012.78, "qty": 0.027085, "side": "buy", "trade_id": "BTCUSDT-1000334"}
{"event_ts": "2026-06-27T10:22:57.116Z", "symbol": "BTCUSDT", "price": 61021.08, "qty": 0.017168, "side": "sell", "trade_id": "BTCUSDT-1000335"}
{"event_ts": "2026-06-27T10:22:52.913Z", "symbol": "ETHUSDT", "price": 3380.22, "qty": 0.097345, "side": "sell", "trade_id": "ETHUSDT-1000285"}
{"event_ts": "2026-06-27T10:22:30.201Z", "symbol": "ETHUSDT", "price": 3380.73, "qty": 0.058147, "side": "sell", "trade_id": "ETHUSDT-1000286"}
{"event_ts": "2026-06-27T10:22:48.445Z", "symbol": "ETHUSDT", "price": 3380.0, "qty": 0.264483, "side": "sell", "trade_id": "ETHUSDT-1000287"}
{"event_ts": "2026-06-27T10:22:25.621Z", "symbol": "ETHUSDT", "price": 3380.05, "qty": 0.378567, "side": "buy", "trade_id": "ETHUSDT-1000288"}
{"event_ts": "2026-06-27T10:22:54.255Z", "symbol": "ETHUSDT", "price": 3381.01, "qty": 0.243671, "side": "buy", "trade_id": "ETHUSDT-1000289"}
{"event_ts": "2026-06-27T10:22:14.935Z", "symbol": "ETHUSDT", "price": 3382.63, "qty": 0.413088, "side": "sell", "trade_id": "ETHUSDT-1000290"}
{"event_ts": "2026-06-27T10:22:08.616Z", "symbol": "ETHUSDT", "price": 3380.94, "qty": 0.061401, "side": "sell", "trade_id": "ETHUSDT-1000291"}
{"event_ts": "2026-06-27T10:22:12.806Z", "symbol": "ETHUSDT", "price": 3380.81, "qty": 0.042785, "side": "sell", "trade_id": "ETHUSDT-1000292"}
{"event_ts": "2026-06-27T10:22:24.013Z", "symbol": "ETHUSDT", "price": 3381.18, "qty": 0.265234, "side": "sell", "trade_id": "ETHUSDT-1000293"}
{"event_ts": "2026-06-27T10:22:23.723Z", "symbol": "ETHUSDT", "price": 3380.99, "qty": 0.243565, "side": "buy", "trade_id": "ETHUSDT-1000294"}
{"event_ts": "2026-06-27T10:22:24.153Z", "symbol": "ETHUSDT", "price": 3382.58, "qty": 0.296834, "side": "buy", "trade_id": "ETHUSDT-1000295"}
{"event_ts": "2026-06-27T10:22:06.906Z", "symbol": "ETHUSDT", "price": 3384.38, "qty": 0.414475, "side": "buy", "trade_id": "ETHUSDT-1000296"}
{"event_ts": "2026-06-27T10:22:31.514Z", "symbol": "ETHUSDT", "price": 3382.97, "qty": 0.44922, "side": "buy", "trade_id": "ETHUSDT-1000297"}
{"event_ts": "2026-06-27T10:22:31.426Z", "symbol": "ETHUSDT", "price": 3382.09, "qty": 0.042555, "side": "buy", "trade_id": "ETHUSDT-1000298"}
{"event_ts": "2026-06-27T10:22:50.952Z", "symbol": "ETHUSDT", "price": 3383.74, "qty": 0.082798, "side": "sell", "trade_id": "ETHUSDT-1000299"}
{"event_ts": "2026-06-27T10:22:11.401Z", "symbol": "ETHUSDT", "price": 3382.2, "qty": 0.115873, "side": "sell", "trade_id": "ETHUSDT-1000300"}
{"event_ts": "2026-06-27T10:22:58.606Z", "symbol": "SOLUSDT", "price": 143.89, "qty": 38.80823, "side": "buy", "trade_id": "SOLUSDT-1000298"}
{"event_ts": "2026-06-27T10:22:57.497Z", "symbol": "SOLUSDT", "price": 143.94, "qty": 10.349564, "side": "sell", "trade_id": "SOLUSDT-1000299"}
{"event_ts": "2026-06-27T10:22:33.941Z", "symbol": "SOLUSDT", "price": 144.02, "qty": 30.060701, "side": "buy", "trade_id": "SOLUSDT-1000300"}
{"event_ts": "2026-06-27T10:22:03.737Z", "symbol": "SOLUSDT", "price": 143.92, "qty": 20.806088, "side": "buy", "trade_id": "SOLUSDT-1000301"}
{"event_ts": "2026-06-27T10:22:06.046Z", "symbol": "SOLUSDT", "price": 143.98, "qty": 15.087209, "side": "buy", "trade_id": "SOLUSDT-1000302"}
{"event_ts": "2026-06-27T10:22:37.382Z", "symbol": "SOLUSDT", "price": 143.87, "qty": 10.512877, "side": "buy", "trade_id": "SOLUSDT-1000303"}
{"event_ts": "2026-06-27T10:22:35.083Z", "symbol": "SOLUSDT", "price": 143.79, "qty": 21.502021, "side": "buy", "trade_id": "SOLUSDT-1000304"}
{"event_ts": "2026-06-27T10:22:43.401Z", "symbol": "SOLUSDT", "price": 143.68, "qty": 15.38992, "side": "sell", "trade_id": "SOLUSDT-1000305"}
{"event_ts": "2026-06-27T10:22:36.620Z", "symbol": "SOLUSDT", "price": 143.77, "qty": 11.012507, "side": "buy", "trade_id": "SOLUSDT-1000306"}
{"event_ts": "2026-06-27T10:22:09.025Z", "symbol": "SOLUSDT", "price": 143.8, "qty": 30.593913, "side": "buy", "trade_id": "SOLUSDT-1000307"}
{"event_ts": "2026-06-27T10:22:08.308Z", "symbol": "SOLUSDT", "price": 143.66, "qty": 8.532342, "side": "buy", "trade_id": "SOLUSDT-1000308"}
{"event_ts": "2026-06-27T10:22:44.452Z", "symbol": "SOLUSDT", "price": 143.66, "qty": 1.406323, "side": "buy", "trade_id": "SOLUSDT-1000309"}
{"event_ts": "2026-06-27T10:22:36.494Z", "symbol": "SOLUSDT", "price": 143.57, "qty": 6.3962, "side": "sell", "trade_id": "SOLUSDT-1000310"}
{"event_ts": "2026-06-27T10:22:00.013Z", "symbol": "SOLUSDT", "price": 143.5, "qty": 29.495824, "side": "sell", "trade_id": "SOLUSDT-1000311"}
{"event_ts": "2026-06-27T10:22:50.769Z", "symbol": "SOLUSDT", "price": 143.59, "qty": 19.145987, "side": "buy", "trade_id": "SOLUSDT-1000312"}
{"event_ts": "2026-06-27T10:22:52.014Z", "symbol": "SOLUSDT", "price": 143.65, "qty": 22.39662, "side": "sell", "trade_id": "SOLUSDT-1000313"}
{"event_ts": "2026-06-27T10:22:56.049Z", "symbol": "SOLUSDT", "price": 143.76, "qty": 35.497888, "side": "sell", "trade_id": "SOLUSDT-1000314"}
{"event_ts": "2026-06-27T10:22:52.156Z", "symbol": "SOLUSDT", "price": 143.79, "qty": 36.549182, "side": "sell", "trade_id": "SOLUSDT-1000315"}
{"event_ts": "2026-06-27T10:22:50.473Z", "symbol": "SOLUSDT", "price": 143.79, "qty": 8.452606, "side": "buy", "trade_id": "SOLUSDT-1000316"}
