{"event_ts": "2026-06-27T10:02:00.099Z", "symbol": "BTCUSDT", "price": 61084.73, "qty": 0.036044, "side": "buy", "trade_id": "BTCUSDT-1000028"}
{"event_ts": "2026-06-27T10:02:06.584Z", "symbol": "BTCUSDT", "price": 61098.42, "qty": 0.024321, "side": "sell", "trade_id": "BTCUSDT-1000029"}
{"event_ts": "2026-06-27T10:02:48.247Z", "symbol": "BTCUSDT", "price": 61105.4, "qty": 0.043582, "side": "sell", "trade_id": "BTCUSDT-1000030"}
{"event_ts": "2026-06-27T10:02:41.940Z", "symbol": "BTCUSDT", "price": 61083.26, "qty": 0.011999, "side": "buy", "trade_id": "BTCUSDT-1000031"}
{"event_ts": "2026-06-27T10:02:15.223Z", "symbol": "BTCUSDT", "price": 61081.52, "qty": 0.038698, "side": "sell", "trade_id": "BTCUSDT-1000032"}
{"event_ts": "2026-06-27T10:02:01.404Z", "symbol": "BTCUSDT", "price": 61069.47, "qty": 0.030594, "side": "buy", "trade_id": "BTCUSDT-1000033"}
{"event_ts": "2026-06-27T10:02:00.356Z", "symbol": "BTCUSDT", "price": 61068.61, "qty": 0.018764, "side": "sell", "trade_id": "BTCUSDT-1000034"}
{"event_ts": "2026-06-27T10:02:30.071Z", "symbol": "BTCUSDT", "price": 61057.86, "qty": 0.007771, "side": "sell", "trade_id": "BTCUSDT-1000035"}
{"event_ts": "2026-06-27T10:02:13.007Z", "symbol": "BTCUSDT", "price": 61066.43, "qty": 0.040749, "side": "sell", "trade_id": "BTCUSDT-1000036"}
{"event_ts": "2026-06-27T10:02:45.363Z", "symbol": "BTCUSDT", "price": 61052.77, "qty": 0.026756, "side": "sell", "trade_id": "BTCUSDT-1000037"}
{"event_ts": "2026-06-27T10:02:19.503Z", "symbol": "BTCUSDT", "price": 61049.92, "qty": 0.032135, "side": "sell", "trade_id": "BTCUSDT-1000038"}
{"event_ts": "2026-06-27T10:02:33.482Z", "symbol": "BTCUSDT", "price": 61038.24, "qty": 0.030268, "side": "sell", "trade_id": "BTCUSDT-1000039"}
{"event_ts": "2026-06-27T10:02:31.996Z", "symbol": "BTCUSDT", "price": 61036.23, "qty": 0.015177, "side": "buy", "trade_id": "BTCUSDT-1000040"}
{"event_ts": "2026-06-27T10:02:46.722Z", "symbol": "BTCUSDT", "price": 61056.19, "qty": 0.007555, "side": "buy", "trade_id": "BTCUSDT-1000041"}
{"event_ts": "2026-06-27T10:02:54.019Z", "symbol": "BTCUSDT", "price": 61049.18, "qty": 0.011356, "side": "buy", "trade_id": "BTCUSDT-1000042"}
{"event_ts": "2026-06-27T10:02:49.690Z", "symbol": "BTCUSDT", "price": 61032.38, "qty": 0.026793, "side": "buy", "trade_id": "BTCUSDT-1000043"}
{"event_ts": "2026-06-27T10:02:29.833Z", "symbol": "BTCUSDT", "price": 61014.98, "qty": 0.012724, "side": "buy", "trade_id": "BTCUSDT-1000044"}
{"event_ts": "2026-06-27T10:02:05.378Z", "symbol": "ETHUSDT", "price": 3392.29, "qty": 0.276468, "side": "buy", "trade_id": "ETHUSDT-1000038"}
{"event_ts": "2026-06-27T10:02:21.662Z", "symbol": "ETHUSDT", "price": 3391.11, "qty": 0.252921, "side": "sell", "trade_id": "ETHUSDT-1000039"}
{"event_ts": "2026-06-27T10:02:23.547Z", "symbol": "ETHUSDT", "price": 3391.2, "qty": 0.1532, "side": "sell", "trade_id": "ETHUSDT-1000040"}
{"event_ts": "2026-06-27T10:02:56.395Z", "symbol": "ETHUSDT", "price": 3390.81, "qty": 0.408258, "side": "sell", "trade_id": "ETHUSDT-1000041"}
{"event_ts": "2026-06-27T10:02:08.836Z", "symbol": "ETHUSDT", "price": 3391.41, "qty": 0.349456, "side": "sell", "trade_id": "ETHUSDT-1000042"}
{"event_ts": "2026-06-27T10:02:57.745Z", "symbol": "ETHUSDT", "price": 3392.81, "qty": 0.44098, "side": "buy", "trade_id": "ETHUSDT-1000043"}
{"event_ts": "2026-06-27T10:02:30.955Z", "symbol": "ETHUSDT", "price": 3394.33, "qty": 0.238609, "side": "sell", "trade_id": "ETHUSDT-1000044"}
{"event_ts": "2026-06-27T10:02:03.796Z", "symbol": "ETHUSDT", "price": 3395.13, "qty": 0.07869, "side": "sell", "trade_id": "ETHUSDT-1000045"}
{"event_ts": "2026-06-27T10:02:58.431Z", "symbol": "ETHUSDT", "price": 3394.59, "qty": 0.463195, "side": "buy", "trade_id": "ETHUSDT-1000046"}
{"event_ts": "2026-06-27T10:02:27.039Z", "symbol": "SOLUSDT", "price": 145.62, "qty": 12.481827, "side": "sell", "trade_id": "SOLUSDT-1000023"}
{"event_ts": "2026-06-27T10:02:04.779Z", "symbol": "SOLUSDT", "price": 145.48, "qty": 36.417754, "side": "sell", "trade_id": "SOLUSDT-1000024"}
{"event_ts": "2026-06-27T10:02:15.617Z", "symbol": "SOLUSDT", "price": 145.61, "qty": 8.774789, "side": "buy", "trade_id": "SOLUSDT-1000025"}
{"event_ts": "2026-06-27T10:02:08.118Z", "symbol": "SOLUSDT", "price": 145.72, "qty": 38.936479, "side": "buy", "trade_id": "SOLUSDT-1000026"}
{"event_ts": "2026-06-27T10:02:45.415Z", "symbol": "SOLUSDT", "price": 145.7, "qty": 31.328484, "side": "sell", "trade_id": "SOLUSDT-1000027"}
{"event_ts": "2026-06-27T10:02:34.964Z", "symbol": "SOLUSDT", "price": 145.64, "qty": 32.731791, "side": "sell", "trade_id": "SOLUSDT-1000028"}
{"event_ts": "2026-06-27T10:02:46.485Z", "symbol": "SOLUSDT", "price": 145.78, "qty": 4.562346, "side": "buy", "trade_id": "SOLUSDT-1000029"}
{"event_ts": "2026-06-27T10:02:54.972Z", "symbol": "SOLUSDT", "price": 145.88, "qty": 1.613866, "side": "buy", "trade_id": "SOLUSDT-1000030"}
{"event_ts": "2026-06-27T10:02:19.495Z", "symbol": "SOLUSDT", "price": 145.98, "qty": 30.780264, "side": "sell", "trade_id": "SOLUSDT-1000031"}
{"event_ts": "2026-06-27T10:02:56.804Z", "symbol": "SOLUSDT", "price": 146.1, "qty": 9.308438, "side": "sell", "trade_id": "SOLUSDT-1000032"}
{"event_ts": "2026-06-27T10:02:09.159Z", "symbol": "SOLUSDT", "price": 146.18, "qty": 18.071248, "side": "sell", "trade_id": "SOLUSDT-1000033"}
{"event_ts": "2026-06-27T10:02:13.874Z", "symbol": "SOLUSDT", "price": 146.23, "qty": 4.224771, "side": "buy", "trade_id": "SOLUSDT-1000034"}
{"event_ts": "2026-06-27T10:02:55.070Z", "symbol": "SOLUSDT", "price": 146.32, "qty": 36.725127, "side": "buy", "trade_id": "SOLUSDT-1000035"}
{"event_ts": "2026-06-27T10:02:04.346Z", "symbol": "SOLUSDT", "price": 146.23, "qty": 19.578085, "side": "buy", "trade_id": "SOLUSDT-1000036"}
{"event_ts": "2026-06-27T10:02:01.706Z", "symbol": "SOLUSDT", "price": 146.2, "qty": 28.203418, "side": "buy", "trade_id": "SOLUSDT-1000037"}
{"event_ts": "2026-06-27T10:02:35.337Z", "symbol": "SOLUSDT", "price": 146.27, "qty": 37.117888, "side": "sell", "trade_id": "SOLUSDT-1000038"}
{"event_ts": "2026-06-27T10:02:19.165Z", "symbol": "SOLUSDT", "price": 146.13, "qty": 31.778036, "side": "sell", "trade_id": "SOLUSDT-1000039"}
