{"event_ts": "2026-06-27T10:53:17.228Z", "symbol": "BTCUSDT", "price": 60940.28, "qty": 0.030991, "side": "sell", "trade_id": "BTCUSDT-1000730"}
{"event_ts": "2026-06-27T10:53:34.907Z", "symbol": "BTCUSDT", "price": 60960.72, "qty": 0.044762, "side": "sell", "trade_id": "BTCUSDT-1000731"}
{"event_ts": "2026-06-27T10:53:36.076Z", "symbol": "BTCUSDT", "price": 60970.99, "qty": 0.00705, "side": "sell", "trade_id": "BTCUSDT-1000732"}
{"event_ts": "2026-06-27T10:53:58.709Z", "symbol": "BTCUSDT", "price": 60947.21, "qty": 0.01098, "side": "buy", "trade_id": "BTCUSDT-1000733"}
{"event_ts": "2026-06-27T10:53:13.366Z", "symbol": "BTCUSDT", "price": 60961.62, "qty": 0.035242, "side": "buy", "trade_id": "BTCUSDT-1000734"}
{"event_ts": "2026-06-27T10:53:19.002Z", "symbol": "BTCUSDT", "price": 60974.57, "qty": 0.006854, "side": "buy", "trade_id": "BTCUSDT-1000735"}
{"event_ts": "2026-06-27T10:53:27.374Z", "symbol": "BTCUSDT", "price": 60956.56, "qty": 0.037553, "side": "buy", "trade_id": "BTCUSDT-1000736"}
{"event_ts": "2026-06-27T10:53:12.874Z", "symbol": "BTCUSDT", "price": 60932.56, "qty": 0.018591, "side": "sell", "trade_id": "BTCUSDT-1000737"}
{"event_ts": "2026-06-27T10:53:14.074Z", "symbol": "BTCUSDT", "price": 60932.44, "qty": 0.01361, "side": "buy", "trade_id": "BTCUSDT-1000738"}
{"event_ts": "2026-06-27T10:53:54.750Z", "symbol": "ETHUSDT", "price": 3366.75, "qty": 0.492334, "side": "buy", "trade_id": "ETHUSDT-1000723"}
{"event_ts": "2026-06-27T10:53:36.619Z", "symbol": "ETHUSDT", "price": 3367.28, "qty": 0.079066, "side": "sell", "trade_id": "ETHUSDT-1000724"}
{"event_ts": "2026-06-27T10:53:27.056Z", "symbol": "ETHUSDT", "price": 3365.68, "qty": 0.270722, "side": "sell", "trade_id": "ETHUSDT-1000725"}
{"event_ts": "2026-06-27T10:53:07.237Z", "symbol": "ETHUSDT", "price": 3366.08, "qty": 0.201881, "side": "buy", "trade_id": "ETHUSDT-1000726"}
{"event_ts": "2026-06-27T10:53:40.744Z", "symbol": "ETHUSDT", "price": 3365.62, "qty": 0.058872, "side": "sell", "trade_id": "ETHUSDT-1000727"}
{"event_ts": "2026-06-27T10:53:54.646Z", "symbol": "ETHUSDT", "price": 3365.41, "qty": 0.07668, "side": "sell", "trade_id": "ETHUSDT-1000728"}
{"event_ts": "2026-06-27T10:53:19.291Z", "symbol": "ETHUSDT", "price": 3365.9, "qty": 0.278725, "side": "sell", "trade_id": "ETHUSDT-1000729"}
{"event_ts": "2026-06-27T10:53:46.571Z", "symbol": "ETHUSDT", "price": 3366.09, "qty": 0.229266, "side": "sell", "trade_id": "ETHUSDT-1000730"}
{"event_ts": "2026-06-27T10:53:18.983Z", "symbol": "ETHUSDT", "price": 3367.13, "qty": 0.186023, "side": "sell", "trade_id": "ETHUSDT-1000731"}
{"event_ts": "2026-06-27T10:53:27.299Z", "symbol": "ETHUSDT", "price": 3367.45, "qty": 0.391826, "side": "sell", "trade_id": "ETHUSDT-1000732"}
{"event_ts": "2026-06-27T10:53:39.939Z", "symbol": "ETHUSDT", "price": 3368.47, "qty": 0.119906, "side": "sell", "trade_id": "ETHUSDT-1000733"}
{"event_ts": "2026-06-27T10:53:36.118Z", "symbol": "ETHUSDT", "price": 3368.36, "qty": 0.430901, "side": "buy", "trade_id": "ETHUSDT-1000734"}
{"event_ts": "2026-06-27T10:53:45.564Z", "symbol": "SOLUSDT", "price": 144.25, "qty": 27.756914, "side": "buy", "trade_id": "SOLUSDT-1000741"}
{"event_ts": "2026-06-27T10:53:48.388Z", "symbol": "SOLUSDT", "price": 144.21, "qty": 15.52104, "side": "buy", "trade_id": "SOLUSDT-1000742"}
{"event_ts": "2026-06-27T10:53:04.553Z", "symbol": "SOLUSDT", "price": 144.28, "qty": 1.884925, "side": "buy", "trade_id": "SOLUSDT-1000743"}
{"event_ts": "2026-06-27T10:53:04.068Z", "symbol": "SOLUSDT", "price": 144.25, "qty": 23.618432, "side": "buy", "trade_id": "SOLUSDT-1000744"}
{"event_ts": "2026-06-27T10:53:04.211Z", "symbol": "SOLUSDT", "price": 144.37, "qty": 29.11383, "side": "buy", "trade_id": "SOLUSDT-1000745"}
{"event_ts": "2026-06-27T10:53:02.995Z", "symbol": "SOLUSDT", "price": 144.39, "qty": 7.729434, "side": "sell", "trade_id": "SOLUSDT-1000746"}
{"event_ts": "2026-06-27T10:53:32.290Z", "symbol": "SOLUSDT", "price": 144.42, "qty": 20.313646, "side": "sell", "trade_id": "SOLUSDT-1000747"}
{"event_ts": "2026-06-27T10:53:35.635Z", "symbol": "SOLUSDT", "price": 144.32, "qty": 10.971631, "side": "sell", "trade_id": "SOLUSDT-1000748"}
{"event_ts": "2026-06-27T10:53:21.079Z", "symbol": "SOLUSDT", "price": 144.26, "qty": 15.688632, "side": "buy", "trade_id": "SOLUSDT-1000749"}
{"event_ts": "2026-06-27T10:53:02.642Z", "symbol": "SOLUSDT", "price": 144.4, "qty": 26.295556, "side": "buy", "trade_id": "SOLUSDT-1000750"}
{"event_ts": "2026-06-27T10:53:36.671Z", "symbol": "SOLUSDT", "price": 144.54, "qty": 23.998715, "side": "buy", "trade_id": "SOLUSDT-1000751"}
{"event_ts": "2026-06-27T10:53:37.328Z", "symbol": "SOLUSDT", "price": 144.48, "qty": 22.224886, "side": "sell", "trade_id": "SOLUSDT-1000752"}
