{"event_ts": "2026-06-27T10:29:47.998Z", "symbol": "BTCUSDT", "price": 61029.57, "qty": 0.034142, "side": "buy", "trade_id": "BTCUSDT-1000426"}
{"event_ts": "2026-06-27T10:29:43.165Z", "symbol": "BTCUSDT", "price": 61050.35, "qty": 0.032991, "side": "sell", "trade_id": "BTCUSDT-1000427"}
{"event_ts": "2026-06-27T10:29:34.102Z", "symbol": "BTCUSDT", "price": 61040.37, "qty": 0.007506, "side": "buy", "trade_id": "BTCUSDT-1000428"}
{"event_ts": "2026-06-27T10:29:47.542Z", "symbol": "BTCUSDT", "price": 61063.71, "qty": 0.040483, "side": "buy", "trade_id": "BTCUSDT-1000429"}
{"event_ts": "2026-06-27T10:29:40.891Z", "symbol": "BTCUSDT", "price": 61086.58, "qty": 0.025328, "side": "buy", "trade_id": "BTCUSDT-1000430"}
{"event_ts": "2026-06-27T10:29:59.737Z", "symbol": "BTCUSDT", "price": 61062.95, "qty": 0.020796, "side": "sell", "trade_id": "BTCUSDT-1000431"}
{"event_ts": "2026-06-27T10:29:32.588Z", "symbol": "BTCUSDT", "price": 61084.91, "qty": 0.035974, "side": "sell", "trade_id": "BTCUSDT-1000432"}
{"event_ts": "2026-06-27T10:29:31.020Z", "symbol": "BTCUSDT", "price": 61085.26, "qty": 0.043123, "side": "buy", "trade_id": "BTCUSDT-1000433"}
{"event_ts": "2026-06-27T10:29:23.275Z", "symbol": "BTCUSDT", "price": 61060.84, "qty": 0.014823, "side": "sell", "trade_id": "BTCUSDT-1000434"}
{"event_ts": "2026-06-27T10:29:10.701Z", "symbol": "BTCUSDT", "price": 61063.89, "qty": 0.026037, "side": "buy", "trade_id": "BTCUSDT-1000435"}
{"event_ts": "2026-06-27T10:29:15.624Z", "symbol": "BTCUSDT", "price": 61053.23, "qty": 0.011937, "side": "buy", "trade_id": "BTCUSDT-1000436"}
{"event_ts": "2026-06-27T10:29:08.388Z", "symbol": "BTCUSDT", "price": 61058.49, "qty": 0.004418, "side": "sell", "trade_id": "BTCUSDT-1000437"}
{"event_ts": "2026-06-27T10:29:32.191Z", "symbol": "BTCUSDT", "price": 61048.28, "qty": 0.004851, "side": "buy", "trade_id": "BTCUSDT-1000438"}
{"event_ts": "2026-06-27T10:29:05.996Z", "symbol": "BTCUSDT", "price": 61031.24, "qty": 0.020205, "side": "buy", "trade_id": "BTCUSDT-1000439"}
{"event_ts": "2026-06-27T10:29:55.663Z", "symbol": "BTCUSDT", "price": 61031.76, "qty": 0.028203, "side": "buy", "trade_id": "BTCUSDT-1000440"}
{"event_ts": "2026-06-27T10:29:13.041Z", "symbol": "BTCUSDT", "price": 61051.34, "qty": 0.004586, "side": "buy", "trade_id": "BTCUSDT-1000441"}
{"event_ts": "2026-06-27T10:29:10.944Z", "symbol": "ETHUSDT", "price": 3394.39, "qty": 0.384443, "side": "buy", "trade_id": "ETHUSDT-1000384"}
{"event_ts": "2026-06-27T10:29:06.850Z", "symbol": "ETHUSDT", "price": 3394.26, "qty": 0.25307, "side": "buy", "trade_id": "ETHUSDT-1000385"}
{"event_ts": "2026-06-27T10:29:38.921Z", "symbol": "ETHUSDT", "price": 3394.36, "qty": 0.485681, "side": "buy", "trade_id": "ETHUSDT-1000386"}
{"event_ts": "2026-06-27T10:29:11.778Z", "symbol": "ETHUSDT", "price": 3392.48, "qty": 0.325701, "side": "sell", "trade_id": "ETHUSDT-1000387"}
{"event_ts": "2026-06-27T10:29:12.656Z", "symbol": "ETHUSDT", "price": 3392.48, "qty": 0.351211, "side": "sell", "trade_id": "ETHUSDT-1000388"}
{"event_ts": "2026-06-27T10:29:49.400Z", "symbol": "ETHUSDT", "price": 3393.01, "qty": 0.476672, "side": "buy", "trade_id": "ETHUSDT-1000389"}
{"event_ts": "2026-06-27T10:29:06.187Z", "symbol": "ETHUSDT", "price": 3393.88, "qty": 0.406772, "side": "sell", "trade_id": "ETHUSDT-1000390"}
{"event_ts": "2026-06-27T10:29:40.379Z", "symbol": "ETHUSDT", "price": 3395.59, "qty": 0.484794, "side": "sell", "trade_id": "ETHUSDT-1000391"}
{"event_ts": "2026-06-27T10:29:14.498Z", "symbol": "ETHUSDT", "price": 3395.68, "qty": 0.021967, "side": "buy", "trade_id": "ETHUSDT-1000392"}
{"event_ts": "2026-06-27T10:29:26.808Z", "symbol": "ETHUSDT", "price": 3397.3, "qty": 0.275205, "side": "sell", "trade_id": "ETHUSDT-1000393"}
{"event_ts": "2026-06-27T10:29:06.660Z", "symbol": "ETHUSDT", "price": 3397.35, "qty": 0.43613, "side": "sell", "trade_id": "ETHUSDT-1000394"}
{"event_ts": "2026-06-27T10:29:56.446Z", "symbol": "ETHUSDT", "price": 3398.32, "qty": 0.045422, "side": "buy", "trade_id": "ETHUSDT-1000395"}
{"event_ts": "2026-06-27T10:29:30.152Z", "symbol": "ETHUSDT", "price": 3399.13, "qty": 0.298601, "side": "buy", "trade_id": "ETHUSDT-1000396"}
{"event_ts": "2026-06-27T10:29:13.236Z", "symbol": "ETHUSDT", "price": 3399.98, "qty": 0.464027, "side": "buy", "trade_id": "ETHUSDT-1000397"}
{"event_ts": "2026-06-27T10:29:59.584Z", "symbol": "ETHUSDT", "price": 3399.41, "qty": 0.225559, "side": "buy", "trade_id": "ETHUSDT-1000398"}
{"event_ts": "2026-06-27T10:29:12.949Z", "symbol": "ETHUSDT", "price": 3398.59, "qty": 0.026022, "side": "buy", "trade_id": "ETHUSDT-1000399"}
{"event_ts": "2026-06-27T10:29:24.792Z", "symbol": "ETHUSDT", "price": 3399.84, "qty": 0.112398, "side": "sell", "trade_id": "ETHUSDT-1000400"}
{"event_ts": "2026-06-27T10:29:00.950Z", "symbol": "SOLUSDT", "price": 142.79, "qty": 14.75175, "side": "buy", "trade_id": "SOLUSDT-1000398"}
{"event_ts": "2026-06-27T10:29:01.511Z", "symbol": "SOLUSDT", "price": 142.69, "qty": 12.336345, "side": "sell", "trade_id": "SOLUSDT-1000399"}
{"event_ts": "2026-06-27T10:29:36.120Z", "symbol": "SOLUSDT", "price": 142.81, "qty": 35.20432, "side": "buy", "trade_id": "SOLUSDT-1000400"}
{"event_ts": "2026-06-27T10:29:18.264Z", "symbol": "SOLUSDT", "price": 142.73, "qty": 18.841557, "side": "sell", "trade_id": "SOLUSDT-1000401"}
{"event_ts": "2026-06-27T10:29:26.612Z", "symbol": "SOLUSDT", "price": 142.72, "qty": 13.727514, "side": "sell", "trade_id": "SOLUSDT-1000402"}
{"event_ts": "2026-06-27T10:29:03.924Z", "symbol": "SOLUSDT", "price": 142.8, "qty": 7.234655, "side": "buy", "trade_id": "SOLUSDT-1000403"}
{"event_ts": "2026-06-27T10:29:14.867Z", "symbol": "SOLUSDT", "price": 142.87, "qty": 1.498971, "side": "sell", "trade_id": "SOLUSDT-1000404"}
{"event_ts": "2026-06-27T10:29:35.044Z", "symbol": "SOLUSDT", "price": 142.85, "qty": 25.791572, "side": "sell", "trade_id": "SOLUSDT-1000405"}
{"event_ts": "2026-06-27T10:29:16.480Z", "symbol": "SOLUSDT", "price": 142.99, "qty": 10.456881, "side": "buy", "trade_id": "SOLUSDT-1000406"}
{"event_ts": "2026-06-27T10:29:13.306Z", "symbol": "SOLUSDT", "price": 143.01, "qty": 31.257767, "side": "sell", "trade_id": "SOLUSDT-1000407"}
