{"event_ts": "2026-06-27T10:36:24.114Z", "symbol": "BTCUSDT", "price": 60948.61, "qty": 0.017239, "side": "buy", "trade_id": "BTCUSDT-1000509"}
{"event_ts": "2026-06-27T10:36:57.038Z", "symbol": "BTCUSDT", "price": 60930.35, "qty": 0.015107, "side": "sell", "trade_id": "BTCUSDT-1000510"}
{"event_ts": "2026-06-27T10:36:51.935Z", "symbol": "BTCUSDT", "price": 60937.57, "qty": 0.021204, "side": "sell", "trade_id": "BTCUSDT-1000511"}
{"event_ts": "2026-06-27T10:36:16.571Z", "symbol": "BTCUSDT", "price": 60954.64, "qty": 0.00629, "side": "buy", "trade_id": "BTCUSDT-1000512"}
{"event_ts": "2026-06-27T10:36:18.518Z", "symbol": "BTCUSDT", "price": 60934.63, "qty": 0.005759, "side": "buy", "trade_id": "BTCUSDT-1000513"}
{"event_ts": "2026-06-27T10:36:14.442Z", "symbol": "BTCUSDT", "price": 60918.49, "qty": 0.037335, "side": "sell", "trade_id": "BTCUSDT-1000514"}
{"event_ts": "2026-06-27T10:36:31.719Z", "symbol": "BTCUSDT", "price": 60908.74, "qty": 0.017799, "side": "buy", "trade_id": "BTCUSDT-1000515"}
{"event_ts": "2026-06-27T10:36:47.433Z", "symbol": "BTCUSDT", "price": 60908.88, "qty": 0.00221, "side": "sell", "trade_id": "BTCUSDT-1000516"}
{"event_ts": "2026-06-27T10:36:06.765Z", "symbol": "BTCUSDT", "price": 60929.45, "qty": 0.047013, "side": "sell", "trade_id": "BTCUSDT-1000517"}
{"event_ts": "2026-06-27T10:36:52.603Z", "symbol": "BTCUSDT", "price": 60944.21, "qty": 0.021971, "side": "buy", "trade_id": "BTCUSDT-1000518"}
{"event_ts": "2026-06-27T10:36:14.717Z", "symbol": "BTCUSDT", "price": 60961.47, "qty": 0.015755, "side": "sell", "trade_id": "BTCUSDT-1000519"}
{"event_ts": "2026-06-27T10:36:33.649Z", "symbol": "BTCUSDT", "price": 60968.06, "qty": 0.007807, "side": "sell", "trade_id": "BTCUSDT-1000520"}
{"event_ts": "2026-06-27T10:36:30.654Z", "symbol": "BTCUSDT", "price": 60960.09, "qty": 0.038972, "side": "sell", "trade_id": "BTCUSDT-1000521"}
{"event_ts": "2026-06-27T10:36:47.312Z", "symbol": "BTCUSDT", "price": 60948.14, "qty": 0.010788, "side": "sell", "trade_id": "BTCUSDT-1000522"}
{"event_ts": "2026-06-27T10:36:08.982Z", "symbol": "BTCUSDT", "price": 60928.92, "qty": 0.00579, "side": "sell", "trade_id": "BTCUSDT-1000523"}
{"event_ts": "2026-06-27T10:36:13.457Z", "symbol": "BTCUSDT", "price": 60909.18, "qty": 0.025974, "side": "sell", "trade_id": "BTCUSDT-1000524"}
{"event_ts": "2026-06-27T10:36:44.123Z", "symbol": "BTCUSDT", "price": 60927.65, "qty": 0.042072, "side": "buy", "trade_id": "BTCUSDT-1000525"}
{"event_ts": "2026-06-27T10:36:12.228Z", "symbol": "BTCUSDT", "price": 60923.52, "qty": 0.013119, "side": "buy", "trade_id": "BTCUSDT-1000526"}
{"event_ts": "2026-06-27T10:36:06.188Z", "symbol": "ETHUSDT", "price": 3369.72, "qty": 0.458281, "side": "sell", "trade_id": "ETHUSDT-1000480"}
{"event_ts": "2026-06-27T10:36:21.270Z", "symbol": "ETHUSDT", "price": 3371.72, "qty": 0.495946, "side": "sell", "trade_id": "ETHUSDT-1000481"}
{"event_ts": "2026-06-27T10:36:40.628Z", "symbol": "ETHUSDT", "price": 3373.38, "qty": 0.079086, "side": "sell", "trade_id": "ETHUSDT-1000482"}
{"event_ts": "2026-06-27T10:36:26.276Z", "symbol": "ETHUSDT", "price": 3371.4, "qty": 0.415831, "side": "sell", "trade_id": "ETHUSDT-1000483"}
{"event_ts": "2026-06-27T10:36:10.421Z", "symbol": "ETHUSDT", "price": 3369.92, "qty": 0.186864, "side": "buy", "trade_id": "ETHUSDT-1000484"}
{"event_ts": "2026-06-27T10:36:27.775Z", "symbol": "ETHUSDT", "price": 3369.09, "qty": 0.36885, "side": "buy", "trade_id": "ETHUSDT-1000485"}
{"event_ts": "2026-06-27T10:36:19.963Z", "symbol": "ETHUSDT", "price": 3369.14, "qty": 0.145793, "side": "sell", "trade_id": "ETHUSDT-1000486"}
{"event_ts": "2026-06-27T10:36:15.949Z", "symbol": "ETHUSDT", "price": 3367.22, "qty": 0.342687, "side": "buy", "trade_id": "ETHUSDT-1000487"}
{"event_ts": "2026-06-27T10:36:24.966Z", "symbol": "ETHUSDT", "price": 3367.52, "qty": 0.059189, "side": "buy", "trade_id": "ETHUSDT-1000488"}
{"event_ts": "2026-06-27T10:36:11.513Z", "symbol": "ETHUSDT", "price": 3367.12, "qty": 0.139613, "side": "buy", "trade_id": "ETHUSDT-1000489"}
{"event_ts": "2026-06-27T10:36:07.084Z", "symbol": "ETHUSDT", "price": 3367.18, "qty": 0.334095, "side": "sell", "trade_id": "ETHUSDT-1000490"}
{"event_ts": "2026-06-27T10:36:01.103Z", "symbol": "ETHUSDT", "price": 3367.72, "qty": 0.21416, "side": "buy", "trade_id": "ETHUSDT-1000491"}
{"event_ts": "2026-06-27T10:36:56.061Z", "symbol": "SOLUSDT", "price": 143.49, "qty": 16.212786, "side": "buy", "trade_id": "SOLUSDT-1000503"}
{"event_ts": "2026-06-27T10:36:37.393Z", "symbol": "SOLUSDT", "price": 143.35, "qty": 11.027353, "side": "buy", "trade_id": "SOLUSDT-1000504"}
{"event_ts": "2026-06-27T10:36:40.183Z", "symbol": "SOLUSDT", "price": 143.34, "qty": 30.818199, "side": "buy", "trade_id": "SOLUSDT-1000505"}
{"event_ts": "2026-06-27T10:36:58.914Z", "symbol": "SOLUSDT", "price": 143.43, "qty": 5.923038, "side": "buy", "trade_id": "SOLUSDT-1000506"}
{"event_ts": "2026-06-27T10:36:31.099Z", "symbol": "SOLUSDT", "price": 143.45, "qty": 18.756373, "side": "buy", "trade_id": "SOLUSDT-1000507"}
{"event_ts": "2026-06-27T10:36:53.430Z", "symbol": "SOLUSDT", "price": 143.58, "qty": 3.217128, "side": "buy", "trade_id": "SOLUSDT-1000508"}
{"event_ts": "2026-06-27T10:36:14.292Z", "symbol": "SOLUSDT", "price": 143.46, "qty": 8.91514, "side": "sell", "trade_id": "SOLUSDT-1000509"}
{"event_ts": "2026-06-27T10:36:37.181Z", "symbol": "SOLUSDT", "price": 143.41, "qty": 11.392046, "side": "buy", "trade_id": "SOLUSDT-1000510"}
{"event_ts": "2026-06-27T10:36:45.520Z", "symbol": "SOLUSDT", "price": 143.44, "qty": 27.433841, "side": "buy", "trade_id": "SOLUSDT-1000511"}
{"event_ts": "2026-06-27T10:36:30.243Z", "symbol": "SOLUSDT", "price": 143.42, "qty": 6.385597, "side": "sell", "trade_id": "SOLUSDT-1000512"}
{"event_ts": "2026-06-27T10:36:45.714Z", "symbol": "SOLUSDT", "price": 143.48, "qty": 16.47654, "side": "buy", "trade_id": "SOLUSDT-1000513"}
{"event_ts": "2026-06-27T10:36:05.601Z", "symbol": "SOLUSDT", "price": 143.42, "qty": 15.236913, "side": "sell", "trade_id": "SOLUSDT-1000514"}
{"event_ts": "2026-06-27T10:36:42.924Z", "symbol": "SOLUSDT", "price": 143.5, "qty": 27.204706, "side": "sell", "trade_id": "SOLUSDT-1000515"}
