{"event_ts": "2026-06-27T10:46:42.809Z", "symbol": "BTCUSDT", "price": 60952.35, "qty": 0.027139, "side": "buy", "trade_id": "BTCUSDT-1000642"}
{"event_ts": "2026-06-27T10:46:36.913Z", "symbol": "BTCUSDT", "price": 60976.84, "qty": 0.042035, "side": "sell", "trade_id": "BTCUSDT-1000643"}
{"event_ts": "2026-06-27T10:46:49.832Z", "symbol": "BTCUSDT", "price": 60968.94, "qty": 0.043746, "side": "buy", "trade_id": "BTCUSDT-1000644"}
{"event_ts": "2026-06-27T10:46:54.681Z", "symbol": "BTCUSDT", "price": 60962.28, "qty": 0.021965, "side": "sell", "trade_id": "BTCUSDT-1000645"}
{"event_ts": "2026-06-27T10:46:40.263Z", "symbol": "BTCUSDT", "price": 60948.21, "qty": 0.002148, "side": "buy", "trade_id": "BTCUSDT-1000646"}
{"event_ts": "2026-06-27T10:46:55.932Z", "symbol": "BTCUSDT", "price": 60959.07, "qty": 0.011842, "side": "sell", "trade_id": "BTCUSDT-1000647"}
{"event_ts": "2026-06-27T10:46:34.230Z", "symbol": "BTCUSDT", "price": 60964.57, "qty": 0.022401, "side": "buy", "trade_id": "BTCUSDT-1000648"}
{"event_ts": "2026-06-27T10:46:55.995Z", "symbol": "BTCUSDT", "price": 60973.65, "qty": 0.016033, "side": "buy", "trade_id": "BTCUSDT-1000649"}
{"event_ts": "2026-06-27T10:46:55.891Z", "symbol": "BTCUSDT", "price": 60982.7, "qty": 0.008913, "side": "sell", "trade_id": "BTCUSDT-1000650"}
{"event_ts": "2026-06-27T10:46:43.401Z", "symbol": "BTCUSDT", "price": 60966.39, "qty": 0.033849, "side": "sell", "trade_id": "BTCUSDT-1000651"}
{"event_ts": "2026-06-27T10:46:00.143Z", "symbol": "ETHUSDT", "price": 3376.63, "qty": 0.287232, "side": "buy", "trade_id": "ETHUSDT-1000615"}
{"event_ts": "2026-06-27T10:46:09.063Z", "symbol": "ETHUSDT", "price": 3375.63, "qty": 0.415699, "side": "buy", "trade_id": "ETHUSDT-1000616"}
{"event_ts": "2026-06-27T10:46:52.492Z", "symbol": "ETHUSDT", "price": 3376.06, "qty": 0.126338, "side": "sell", "trade_id": "ETHUSDT-1000617"}
{"event_ts": "2026-06-27T10:46:45.552Z", "symbol": "ETHUSDT", "price": 3375.61, "qty": 0.031801, "side": "sell", "trade_id": "ETHUSDT-1000618"}
{"event_ts": "2026-06-27T10:46:04.788Z", "symbol": "ETHUSDT", "price": 3373.84, "qty": 0.421087, "side": "sell", "trade_id": "ETHUSDT-1000619"}
{"event_ts": "2026-06-27T10:46:02.526Z", "symbol": "ETHUSDT", "price": 3372.66, "qty": 0.335884, "side": "sell", "trade_id": "ETHUSDT-1000620"}
{"event_ts": "2026-06-27T10:46:38.191Z", "symbol": "ETHUSDT", "price": 3370.8, "qty": 0.315403, "side": "buy", "trade_id": "ETHUSDT-1000621"}
{"event_ts": "2026-06-27T10:46:06.494Z", "symbol": "ETHUSDT", "price": 3370.67, "qty": 0.250977, "side": "buy", "trade_id": "ETHUSDT-1000622"}
{"event_ts": "2026-06-27T10:46:16.483Z", "symbol": "ETHUSDT", "price": 3369.57, "qty": 0.021131, "side": "buy", "trade_id": "ETHUSDT-1000623"}
{"event_ts": "2026-06-27T10:46:29.511Z", "symbol": "ETHUSDT", "price": 3369.23, "qty": 0.02814, "side": "buy", "trade_id": "ETHUSDT-1000624"}
{"event_ts": "2026-06-27T10:46:42.886Z", "symbol": "ETHUSDT", "price": 3370.86, "qty": 0.393904, "side": "buy", "trade_id": "ETHUSDT-1000625"}
{"event_ts": "2026-06-27T10:46:47.816Z", "symbol": "ETHUSDT", "price": 3370.48, "qty": 0.157588, "side": "sell", "trade_id": "ETHUSDT-1000626"}
{"event_ts": "2026-06-27T10:46:54.704Z", "symbol": "ETHUSDT", "price": 3370.17, "qty": 0.087218, "side": "buy", "trade_id": "ETHUSDT-1000627"}
{"event_ts": "2026-06-27T10:46:33.065Z", "symbol": "ETHUSDT", "price": 3368.49, "qty": 0.387487, "side": "buy", "trade_id": "ETHUSDT-1000628"}
{"event_ts": "2026-06-27T10:46:15.578Z", "symbol": "ETHUSDT", "price": 3367.29, "qty": 0.461713, "side": "sell", "trade_id": "ETHUSDT-1000629"}
{"event_ts": "2026-06-27T10:46:39.022Z", "symbol": "ETHUSDT", "price": 3368.63, "qty": 0.368663, "side": "sell", "trade_id": "ETHUSDT-1000630"}
{"event_ts": "2026-06-27T10:46:57.875Z", "symbol": "ETHUSDT", "price": 3368.56, "qty": 0.302627, "side": "buy", "trade_id": "ETHUSDT-1000631"}
{"event_ts": "2026-06-27T10:46:06.407Z", "symbol": "ETHUSDT", "price": 3370.34, "qty": 0.155533, "side": "buy", "trade_id": "ETHUSDT-1000632"}
{"event_ts": "2026-06-27T10:46:00.210Z", "symbol": "ETHUSDT", "price": 3369.43, "qty": 0.389453, "side": "buy", "trade_id": "ETHUSDT-1000633"}
{"event_ts": "2026-06-27T10:46:46.885Z", "symbol": "SOLUSDT", "price": 143.13, "qty": 4.091333, "side": "buy", "trade_id": "SOLUSDT-1000641"}
{"event_ts": "2026-06-27T10:46:02.749Z", "symbol": "SOLUSDT", "price": 143.2, "qty": 32.11465, "side": "sell", "trade_id": "SOLUSDT-1000642"}
{"event_ts": "2026-06-27T10:46:45.973Z", "symbol": "SOLUSDT", "price": 143.33, "qty": 38.481017, "side": "buy", "trade_id": "SOLUSDT-1000643"}
{"event_ts": "2026-06-27T10:46:17.963Z", "symbol": "SOLUSDT", "price": 143.31, "qty": 27.574537, "side": "sell", "trade_id": "SOLUSDT-1000644"}
{"event_ts": "2026-06-27T10:46:14.020Z", "symbol": "SOLUSDT", "price": 143.3, "qty": 33.707541, "side": "sell", "trade_id": "SOLUSDT-1000645"}
{"event_ts": "2026-06-27T10:46:28.312Z", "symbol": "SOLUSDT", "price": 143.34, "qty": 4.700926, "side": "buy", "trade_id": "SOLUSDT-1000646"}
{"event_ts": "2026-06-27T10:46:41.544Z", "symbol": "SOLUSDT", "price": 143.37, "qty": 22.744127, "side": "buy", "trade_id": "SOLUSDT-1000647"}
{"event_ts": "2026-06-27T10:46:48.939Z", "symbol": "SOLUSDT", "price": 143.48, "qty": 5.716419, "side": "buy", "trade_id": "SOLUSDT-1000648"}
{"event_ts": "2026-06-27T10:46:13.919Z", "symbol": "SOLUSDT", "price": 143.47, "qty": 2.693865, "side": "sell", "trade_id": "SOLUSDT-1000649"}
{"event_ts": "2026-06-27T10:46:07.939Z", "symbol": "SOLUSDT", "price": 143.45, "qty": 7.934367, "side": "buy", "trade_id": "SOLUSDT-1000650"}
{"event_ts": "2026-06-27T10:46:32.278Z", "symbol": "SOLUSDT", "price": 143.38, "qty": 14.440536, "side": "sell", "trade_id": "SOLUSDT-1000651"}
{"event_ts": "2026-06-27T10:46:32.559Z", "symbol": "SOLUSDT", "price": 143.5, "qty": 27.017591, "side": "buy", "trade_id": "SOLUSDT-1000652"}
{"event_ts": "2026-06-27T10:46:59.691Z", "symbol": "SOLUSDT", "price": 143.46, "qty": 2.162975, "side": "buy", "trade_id": "SOLUSDT-1000653"}
{"event_ts": "2026-06-27T10:46:23.773Z", "symbol": "SOLUSDT", "price": 143.55, "qty": 3.586007, "side": "buy", "trade_id": "SOLUSDT-1000654"}
