{"event_ts": "2026-06-27T10:16:10.720Z", "symbol": "BTCUSDT", "price": 60906.2, "qty": 0.020121, "side": "buy", "trade_id": "BTCUSDT-1000231"}
{"event_ts": "2026-06-27T10:16:13.536Z", "symbol": "BTCUSDT", "price": 60885.11, "qty": 0.029571, "side": "sell", "trade_id": "BTCUSDT-1000232"}
{"event_ts": "2026-06-27T10:16:38.071Z", "symbol": "BTCUSDT", "price": 60883.83, "qty": 0.012139, "side": "buy", "trade_id": "BTCUSDT-1000233"}
{"event_ts": "2026-06-27T10:16:13.128Z", "symbol": "BTCUSDT", "price": 60900.47, "qty": 0.024362, "side": "sell", "trade_id": "BTCUSDT-1000234"}
{"event_ts": "2026-06-27T10:16:02.870Z", "symbol": "BTCUSDT", "price": 60905.7, "qty": 0.030805, "side": "buy", "trade_id": "BTCUSDT-1000235"}
{"event_ts": "2026-06-27T10:16:27.624Z", "symbol": "BTCUSDT", "price": 60899.34, "qty": 0.008452, "side": "sell", "trade_id": "BTCUSDT-1000236"}
{"event_ts": "2026-06-27T10:16:38.054Z", "symbol": "BTCUSDT", "price": 60879.29, "qty": 0.040618, "side": "sell", "trade_id": "BTCUSDT-1000237"}
{"event_ts": "2026-06-27T10:16:08.351Z", "symbol": "BTCUSDT", "price": 60871.57, "qty": 0.017511, "side": "buy", "trade_id": "BTCUSDT-1000238"}
{"event_ts": "2026-06-27T10:16:51.050Z", "symbol": "BTCUSDT", "price": 60866.59, "qty": 0.041418, "side": "sell", "trade_id": "BTCUSDT-1000239"}
{"event_ts": "2026-06-27T10:16:25.037Z", "symbol": "BTCUSDT", "price": 60868.77, "qty": 0.007675, "side": "buy", "trade_id": "BTCUSDT-1000240"}
{"event_ts": "2026-06-27T10:16:55.025Z", "symbol": "BTCUSDT", "price": 60850.82, "qty": 0.012307, "side": "buy", "trade_id": "BTCUSDT-1000241"}
{"event_ts": "2026-06-27T10:16:34.921Z", "symbol": "BTCUSDT", "price": 60871.6, "qty": 0.013924, "side": "sell", "trade_id": "BTCUSDT-1000242"}
{"event_ts": "2026-06-27T10:16:32.281Z", "symbol": "BTCUSDT", "price": 60857.47, "qty": 0.019487, "side": "sell", "trade_id": "BTCUSDT-1000243"}
{"event_ts": "2026-06-27T10:16:20.285Z", "symbol": "BTCUSDT", "price": 60870.81, "qty": 0.041913, "side": "sell", "trade_id": "BTCUSDT-1000244"}
{"event_ts": "2026-06-27T10:16:06.771Z", "symbol": "BTCUSDT", "price": 60872.11, "qty": 0.035545, "side": "sell", "trade_id": "BTCUSDT-1000245"}
{"event_ts": "2026-06-27T10:16:58.492Z", "symbol": "BTCUSDT", "price": 60860.14, "qty": 0.042099, "side": "buy", "trade_id": "BTCUSDT-1000246"}
{"event_ts": "2026-06-27T10:16:23.682Z", "symbol": "BTCUSDT", "price": 60858.47, "qty": 0.018513, "side": "buy", "trade_id": "BTCUSDT-1000247"}
{"event_ts": "2026-06-27T10:16:02.923Z", "symbol": "ETHUSDT", "price": 3394.39, "qty": 0.424039, "side": "buy", "trade_id": "ETHUSDT-1000198"}
{"event_ts": "2026-06-27T10:16:03.597Z", "symbol": "ETHUSDT", "price": 3393.74, "qty": 0.496999, "side": "sell", "trade_id": "ETHUSDT-1000199"}
{"event_ts": "2026-06-27T10:16:29.023Z", "symbol": "ETHUSDT", "price": 3393.66, "qty": 0.081502, "side": "sell", "trade_id": "ETHUSDT-1000200"}
{"event_ts": "2026-06-27T10:16:47.802Z", "symbol": "ETHUSDT", "price": 3394.79, "qty": 0.360047, "side": "buy", "trade_id": "ETHUSDT-1000201"}
{"event_ts": "2026-06-27T10:16:49.796Z", "symbol": "ETHUSDT", "price": 3393.74, "qty": 0.189979, "side": "sell", "trade_id": "ETHUSDT-1000202"}
{"event_ts": "2026-06-27T10:16:53.839Z", "symbol": "ETHUSDT", "price": 3393.13, "qty": 0.064696, "side": "buy", "trade_id": "ETHUSDT-1000203"}
{"event_ts": "2026-06-27T10:16:47.331Z", "symbol": "ETHUSDT", "price": 3393.63, "qty": 0.24026, "side": "sell", "trade_id": "ETHUSDT-1000204"}
{"event_ts": "2026-06-27T10:16:53.181Z", "symbol": "ETHUSDT", "price": 3391.8, "qty": 0.43591, "side": "sell", "trade_id": "ETHUSDT-1000205"}
{"event_ts": "2026-06-27T10:16:20.264Z", "symbol": "ETHUSDT", "price": 3390.73, "qty": 0.206082, "side": "buy", "trade_id": "ETHUSDT-1000206"}
{"event_ts": "2026-06-27T10:16:20.292Z", "symbol": "ETHUSDT", "price": 3390.84, "qty": 0.120903, "side": "buy", "trade_id": "ETHUSDT-1000207"}
{"event_ts": "2026-06-27T10:16:07.030Z", "symbol": "ETHUSDT", "price": 3389.38, "qty": 0.051823, "side": "sell", "trade_id": "ETHUSDT-1000208"}
{"event_ts": "2026-06-27T10:16:16.883Z", "symbol": "ETHUSDT", "price": 3388.87, "qty": 0.201135, "side": "sell", "trade_id": "ETHUSDT-1000209"}
{"event_ts": "2026-06-27T10:16:58.958Z", "symbol": "ETHUSDT", "price": 3387.96, "qty": 0.091413, "side": "buy", "trade_id": "ETHUSDT-1000210"}
{"event_ts": "2026-06-27T10:16:16.139Z", "symbol": "ETHUSDT", "price": 3387.22, "qty": 0.189705, "side": "sell", "trade_id": "ETHUSDT-1000211"}
{"event_ts": "2026-06-27T10:16:22.108Z", "symbol": "ETHUSDT", "price": 3387.29, "qty": 0.433833, "side": "sell", "trade_id": "ETHUSDT-1000212"}
{"event_ts": "2026-06-27T10:16:29.587Z", "symbol": "ETHUSDT", "price": 3385.49, "qty": 0.136745, "side": "sell", "trade_id": "ETHUSDT-1000213"}
{"event_ts": "2026-06-27T10:16:33.576Z", "symbol": "SOLUSDT", "price": 143.47, "qty": 15.173023, "side": "sell", "trade_id": "SOLUSDT-1000220"}
{"event_ts": "2026-06-27T10:16:36.033Z", "symbol": "SOLUSDT", "price": 143.45, "qty": 11.562294, "side": "sell", "trade_id": "SOLUSDT-1000221"}
{"event_ts": "2026-06-27T10:16:15.438Z", "symbol": "SOLUSDT", "price": 143.54, "qty": 14.63797, "side": "sell", "trade_id": "SOLUSDT-1000222"}
{"event_ts": "2026-06-27T10:16:49.083Z", "symbol": "SOLUSDT", "price": 143.43, "qty": 24.935025, "side": "sell", "trade_id": "SOLUSDT-1000223"}
{"event_ts": "2026-06-27T10:16:19.900Z", "symbol": "SOLUSDT", "price": 143.31, "qty": 28.257198, "side": "sell", "trade_id": "SOLUSDT-1000224"}
{"event_ts": "2026-06-27T10:16:21.311Z", "symbol": "SOLUSDT", "price": 143.25, "qty": 26.230265, "side": "buy", "trade_id": "SOLUSDT-1000225"}
{"event_ts": "2026-06-27T10:16:00.294Z", "symbol": "SOLUSDT", "price": 143.37, "qty": 5.601532, "side": "sell", "trade_id": "SOLUSDT-1000226"}
{"event_ts": "2026-06-27T10:16:10.952Z", "symbol": "SOLUSDT", "price": 143.23, "qty": 15.482882, "side": "sell", "trade_id": "SOLUSDT-1000227"}
