{"event_ts": "2026-06-27T10:56:49.527Z", "symbol": "BTCUSDT", "price": 60882.9, "qty": 0.035529, "side": "buy", "trade_id": "BTCUSDT-1000768"}
{"event_ts": "2026-06-27T10:56:39.731Z", "symbol": "BTCUSDT", "price": 60859.26, "qty": 0.017768, "side": "buy", "trade_id": "BTCUSDT-1000769"}
{"event_ts": "2026-06-27T10:56:20.034Z", "symbol": "BTCUSDT", "price": 60859.91, "qty": 0.02002, "side": "sell", "trade_id": "BTCUSDT-1000770"}
{"event_ts": "2026-06-27T10:56:44.282Z", "symbol": "BTCUSDT", "price": 60860.66, "qty": 0.005718, "side": "buy", "trade_id": "BTCUSDT-1000771"}
{"event_ts": "2026-06-27T10:56:48.934Z", "symbol": "BTCUSDT", "price": 60840.22, "qty": 0.043429, "side": "buy", "trade_id": "BTCUSDT-1000772"}
{"event_ts": "2026-06-27T10:56:10.218Z", "symbol": "BTCUSDT", "price": 60830.9, "qty": 0.024645, "side": "buy", "trade_id": "BTCUSDT-1000773"}
{"event_ts": "2026-06-27T10:56:08.518Z", "symbol": "BTCUSDT", "price": 60810.07, "qty": 0.043027, "side": "sell", "trade_id": "BTCUSDT-1000774"}
{"event_ts": "2026-06-27T10:56:14.752Z", "symbol": "BTCUSDT", "price": 60789.94, "qty": 0.009321, "side": "sell", "trade_id": "BTCUSDT-1000775"}
{"event_ts": "2026-06-27T10:56:04.923Z", "symbol": "BTCUSDT", "price": 60767.67, "qty": 0.001059, "side": "sell", "trade_id": "BTCUSDT-1000776"}
{"event_ts": "2026-06-27T10:56:46.178Z", "symbol": "BTCUSDT", "price": 60743.67, "qty": 0.022443, "side": "buy", "trade_id": "BTCUSDT-1000777"}
{"event_ts": "2026-06-27T10:56:05.525Z", "symbol": "BTCUSDT", "price": 60764.87, "qty": 0.042442, "side": "buy", "trade_id": "BTCUSDT-1000778"}
{"event_ts": "2026-06-27T10:56:50.705Z", "symbol": "BTCUSDT", "price": 60756.15, "qty": 0.043257, "side": "buy", "trade_id": "BTCUSDT-1000779"}
{"event_ts": "2026-06-27T10:56:55.954Z", "symbol": "BTCUSDT", "price": 60767.72, "qty": 0.012968, "side": "buy", "trade_id": "BTCUSDT-1000780"}
{"event_ts": "2026-06-27T10:56:49.299Z", "symbol": "ETHUSDT", "price": 3360.97, "qty": 0.397792, "side": "buy", "trade_id": "ETHUSDT-1000763"}
{"event_ts": "2026-06-27T10:56:48.271Z", "symbol": "ETHUSDT", "price": 3361.62, "qty": 0.1367, "side": "buy", "trade_id": "ETHUSDT-1000764"}
{"event_ts": "2026-06-27T10:56:09.395Z", "symbol": "ETHUSDT", "price": 3361.27, "qty": 0.085754, "side": "buy", "trade_id": "ETHUSDT-1000765"}
{"event_ts": "2026-06-27T10:56:34.111Z", "symbol": "ETHUSDT", "price": 3363.21, "qty": 0.399196, "side": "sell", "trade_id": "ETHUSDT-1000766"}
{"event_ts": "2026-06-27T10:56:24.730Z", "symbol": "ETHUSDT", "price": 3362.39, "qty": 0.241399, "side": "sell", "trade_id": "ETHUSDT-1000767"}
{"event_ts": "2026-06-27T10:56:58.911Z", "symbol": "ETHUSDT", "price": 3361.22, "qty": 0.321713, "side": "sell", "trade_id": "ETHUSDT-1000768"}
{"event_ts": "2026-06-27T10:56:43.279Z", "symbol": "ETHUSDT", "price": 3359.98, "qty": 0.454206, "side": "sell", "trade_id": "ETHUSDT-1000769"}
{"event_ts": "2026-06-27T10:56:23.850Z", "symbol": "ETHUSDT", "price": 3359.4, "qty": 0.088711, "side": "buy", "trade_id": "ETHUSDT-1000770"}
{"event_ts": "2026-06-27T10:56:30.258Z", "symbol": "ETHUSDT", "price": 3359.57, "qty": 0.017166, "side": "sell", "trade_id": "ETHUSDT-1000771"}
{"event_ts": "2026-06-27T10:56:31.137Z", "symbol": "ETHUSDT", "price": 3358.65, "qty": 0.050551, "side": "buy", "trade_id": "ETHUSDT-1000772"}
{"event_ts": "2026-06-27T10:56:49.944Z", "symbol": "ETHUSDT", "price": 3358.47, "qty": 0.244944, "side": "sell", "trade_id": "ETHUSDT-1000773"}
{"event_ts": "2026-06-27T10:56:00.373Z", "symbol": "ETHUSDT", "price": 3359.28, "qty": 0.246808, "side": "sell", "trade_id": "ETHUSDT-1000774"}
{"event_ts": "2026-06-27T10:56:11.984Z", "symbol": "ETHUSDT", "price": 3359.85, "qty": 0.134476, "side": "sell", "trade_id": "ETHUSDT-1000775"}
{"event_ts": "2026-06-27T10:56:39.379Z", "symbol": "ETHUSDT", "price": 3359.8, "qty": 0.364064, "side": "sell", "trade_id": "ETHUSDT-1000776"}
{"event_ts": "2026-06-27T10:56:35.230Z", "symbol": "ETHUSDT", "price": 3361.12, "qty": 0.367747, "side": "sell", "trade_id": "ETHUSDT-1000777"}
{"event_ts": "2026-06-27T10:56:19.443Z", "symbol": "ETHUSDT", "price": 3360.91, "qty": 0.048696, "side": "sell", "trade_id": "ETHUSDT-1000778"}
{"event_ts": "2026-06-27T10:56:47.121Z", "symbol": "ETHUSDT", "price": 3361.82, "qty": 0.206748, "side": "sell", "trade_id": "ETHUSDT-1000779"}
{"event_ts": "2026-06-27T10:56:11.162Z", "symbol": "SOLUSDT", "price": 144.83, "qty": 32.594651, "side": "buy", "trade_id": "SOLUSDT-1000780"}
{"event_ts": "2026-06-27T10:56:27.947Z", "symbol": "SOLUSDT", "price": 144.85, "qty": 33.982775, "side": "sell", "trade_id": "SOLUSDT-1000781"}
{"event_ts": "2026-06-27T10:56:50.341Z", "symbol": "SOLUSDT", "price": 144.8, "qty": 12.843579, "side": "buy", "trade_id": "SOLUSDT-1000782"}
{"event_ts": "2026-06-27T10:56:26.972Z", "symbol": "SOLUSDT", "price": 144.77, "qty": 22.281904, "side": "buy", "trade_id": "SOLUSDT-1000783"}
{"event_ts": "2026-06-27T10:56:14.974Z", "symbol": "SOLUSDT", "price": 144.71, "qty": 6.315396, "side": "buy", "trade_id": "SOLUSDT-1000784"}
{"event_ts": "2026-06-27T10:56:15.419Z", "symbol": "SOLUSDT", "price": 144.71, "qty": 12.182285, "side": "buy", "trade_id": "SOLUSDT-1000785"}
{"event_ts": "2026-06-27T10:56:08.775Z", "symbol": "SOLUSDT", "price": 144.7, "qty": 15.576831, "side": "buy", "trade_id": "SOLUSDT-1000786"}
{"event_ts": "2026-06-27T10:56:19.160Z", "symbol": "SOLUSDT", "price": 144.61, "qty": 9.762928, "side": "buy", "trade_id": "SOLUSDT-1000787"}
{"event_ts": "2026-06-27T10:56:33.465Z", "symbol": "SOLUSDT", "price": 144.75, "qty": 28.583255, "side": "buy", "trade_id": "SOLUSDT-1000788"}
{"event_ts": "2026-06-27T10:56:59.094Z", "symbol": "SOLUSDT", "price": 144.71, "qty": 27.094997, "side": "buy", "trade_id": "SOLUSDT-1000789"}
{"event_ts": "2026-06-27T10:56:00.108Z", "symbol": "SOLUSDT", "price": 144.57, "qty": 21.049554, "side": "buy", "trade_id": "SOLUSDT-1000790"}
{"event_ts": "2026-06-27T10:56:53.925Z", "symbol": "SOLUSDT", "price": 144.53, "qty": 15.34857, "side": "buy", "trade_id": "SOLUSDT-1000791"}
{"event_ts": "2026-06-27T10:56:07.725Z", "symbol": "SOLUSDT", "price": 144.55, "qty": 14.048356, "side": "buy", "trade_id": "SOLUSDT-1000792"}
{"event_ts": "2026-06-27T10:56:13.443Z", "symbol": "SOLUSDT", "price": 144.48, "qty": 22.014428, "side": "sell", "trade_id": "SOLUSDT-1000793"}
{"event_ts": "2026-06-27T10:56:38.385Z", "symbol": "SOLUSDT", "price": 144.47, "qty": 12.836849, "side": "sell", "trade_id": "SOLUSDT-1000794"}
{"event_ts": "2026-06-27T10:56:48.715Z", "symbol": "SOLUSDT", "price": 144.6, "qty": 19.999373, "side": "sell", "trade_id": "SOLUSDT-1000795"}
