{"event_ts": "2026-06-27T10:06:12.748Z", "symbol": "BTCUSDT", "price": 60951.24, "qty": 0.02326, "side": "buy", "trade_id": "BTCUSDT-1000090"}
{"event_ts": "2026-06-27T10:06:48.726Z", "symbol": "BTCUSDT", "price": 60927.8, "qty": 0.030562, "side": "buy", "trade_id": "BTCUSDT-1000091"}
{"event_ts": "2026-06-27T10:06:00.000Z", "symbol": "BTCUSDT", "price": 60935.79, "qty": 0.012627, "side": "buy", "trade_id": "BTCUSDT-1000092"}
{"event_ts": "2026-06-27T10:06:26.874Z", "symbol": "BTCUSDT", "price": 60936.33, "qty": 0.041612, "side": "buy", "trade_id": "BTCUSDT-1000093"}
{"event_ts": "2026-06-27T10:06:13.944Z", "symbol": "BTCUSDT", "price": 60951.05, "qty": 0.017977, "side": "buy", "trade_id": "BTCUSDT-1000094"}
{"event_ts": "2026-06-27T10:06:16.861Z", "symbol": "BTCUSDT", "price": 60953.38, "qty": 0.037149, "side": "buy", "trade_id": "BTCUSDT-1000095"}
{"event_ts": "2026-06-27T10:06:17.519Z", "symbol": "BTCUSDT", "price": 60943.06, "qty": 0.044149, "side": "sell", "trade_id": "BTCUSDT-1000096"}
{"event_ts": "2026-06-27T10:06:13.775Z", "symbol": "BTCUSDT", "price": 60937.71, "qty": 0.022719, "side": "buy", "trade_id": "BTCUSDT-1000097"}
{"event_ts": "2026-06-27T10:06:08.172Z", "symbol": "BTCUSDT", "price": 60934.73, "qty": 0.010354, "side": "buy", "trade_id": "BTCUSDT-1000098"}
{"event_ts": "2026-06-27T10:06:05.004Z", "symbol": "BTCUSDT", "price": 60909.75, "qty": 0.048214, "side": "sell", "trade_id": "BTCUSDT-1000099"}
{"event_ts": "2026-06-27T10:06:32.057Z", "symbol": "BTCUSDT", "price": 60905.88, "qty": 0.006298, "side": "buy", "trade_id": "BTCUSDT-1000100"}
{"event_ts": "2026-06-27T10:06:50.463Z", "symbol": "BTCUSDT", "price": 60909.65, "qty": 0.018586, "side": "buy", "trade_id": "BTCUSDT-1000101"}
{"event_ts": "2026-06-27T10:06:37.247Z", "symbol": "BTCUSDT", "price": 60916.01, "qty": 0.032145, "side": "sell", "trade_id": "BTCUSDT-1000102"}
{"event_ts": "2026-06-27T10:06:36.270Z", "symbol": "BTCUSDT", "price": 60919.34, "qty": 0.036303, "side": "sell", "trade_id": "BTCUSDT-1000103"}
{"event_ts": "2026-06-27T10:06:49.290Z", "symbol": "BTCUSDT", "price": 60937.17, "qty": 0.034865, "side": "buy", "trade_id": "BTCUSDT-1000104"}
{"event_ts": "2026-06-27T10:06:44.392Z", "symbol": "BTCUSDT", "price": 60954.17, "qty": 0.008243, "side": "sell", "trade_id": "BTCUSDT-1000105"}
{"event_ts": "2026-06-27T10:06:16.677Z", "symbol": "BTCUSDT", "price": 60975.04, "qty": 0.046817, "side": "buy", "trade_id": "BTCUSDT-1000106"}
{"event_ts": "2026-06-27T10:06:02.497Z", "symbol": "BTCUSDT", "price": 60984.88, "qty": 0.023136, "side": "sell", "trade_id": "BTCUSDT-1000107"}
{"event_ts": "2026-06-27T10:06:18.469Z", "symbol": "BTCUSDT", "price": 60970.51, "qty": 0.040885, "side": "buy", "trade_id": "BTCUSDT-1000108"}
{"event_ts": "2026-06-27T10:06:39.533Z", "symbol": "BTCUSDT", "price": 60987.25, "qty": 0.018279, "side": "sell", "trade_id": "BTCUSDT-1000109"}
{"event_ts": "2026-06-27T10:06:52.504Z", "symbol": "ETHUSDT", "price": 3402.52, "qty": 0.377484, "side": "sell", "trade_id": "ETHUSDT-1000085"}
{"event_ts": "2026-06-27T10:06:31.250Z", "symbol": "ETHUSDT", "price": 3401.97, "qty": 0.397065, "side": "buy", "trade_id": "ETHUSDT-1000086"}
{"event_ts": "2026-06-27T10:06:50.484Z", "symbol": "ETHUSDT", "price": 3400.02, "qty": 0.1064, "side": "buy", "trade_id": "ETHUSDT-1000087"}
{"event_ts": "2026-06-27T10:06:30.505Z", "symbol": "ETHUSDT", "price": 3400.95, "qty": 0.176428, "side": "buy", "trade_id": "ETHUSDT-1000088"}
{"event_ts": "2026-06-27T10:06:36.735Z", "symbol": "ETHUSDT", "price": 3402.04, "qty": 0.232988, "side": "sell", "trade_id": "ETHUSDT-1000089"}
{"event_ts": "2026-06-27T10:06:49.578Z", "symbol": "ETHUSDT", "price": 3401.81, "qty": 0.042424, "side": "sell", "trade_id": "ETHUSDT-1000090"}
{"event_ts": "2026-06-27T10:06:24.029Z", "symbol": "ETHUSDT", "price": 3402.78, "qty": 0.497746, "side": "buy", "trade_id": "ETHUSDT-1000091"}
{"event_ts": "2026-06-27T10:06:36.889Z", "symbol": "ETHUSDT", "price": 3401.36, "qty": 0.273516, "side": "sell", "trade_id": "ETHUSDT-1000092"}
{"event_ts": "2026-06-27T10:06:09.047Z", "symbol": "ETHUSDT", "price": 3400.53, "qty": 0.451203, "side": "buy", "trade_id": "ETHUSDT-1000093"}
{"event_ts": "2026-06-27T10:06:54.304Z", "symbol": "SOLUSDT", "price": 145.32, "qty": 16.96421, "side": "buy", "trade_id": "SOLUSDT-1000087"}
{"event_ts": "2026-06-27T10:06:39.304Z", "symbol": "SOLUSDT", "price": 145.17, "qty": 9.481315, "side": "sell", "trade_id": "SOLUSDT-1000088"}
{"event_ts": "2026-06-27T10:06:03.757Z", "symbol": "SOLUSDT", "price": 145.12, "qty": 13.801973, "side": "sell", "trade_id": "SOLUSDT-1000089"}
{"event_ts": "2026-06-27T10:06:51.010Z", "symbol": "SOLUSDT", "price": 145.21, "qty": 34.363634, "side": "buy", "trade_id": "SOLUSDT-1000090"}
{"event_ts": "2026-06-27T10:06:26.821Z", "symbol": "SOLUSDT", "price": 145.34, "qty": 24.03525, "side": "buy", "trade_id": "SOLUSDT-1000091"}
{"event_ts": "2026-06-27T10:06:49.743Z", "symbol": "SOLUSDT", "price": 145.34, "qty": 17.504866, "side": "buy", "trade_id": "SOLUSDT-1000092"}
{"event_ts": "2026-06-27T10:06:18.470Z", "symbol": "SOLUSDT", "price": 145.21, "qty": 31.786362, "side": "sell", "trade_id": "SOLUSDT-1000093"}
{"event_ts": "2026-06-27T10:06:07.681Z", "symbol": "SOLUSDT", "price": 145.06, "qty": 29.638499, "side": "sell", "trade_id": "SOLUSDT-1000094"}
{"event_ts": "2026-06-27T10:06:47.211Z", "symbol": "SOLUSDT", "price": 145.04, "qty": 8.871994, "side": "buy", "trade_id": "SOLUSDT-1000095"}
{"event_ts": "2026-06-27T10:06:34.961Z", "symbol": "SOLUSDT", "price": 144.97, "qty": 31.934087, "side": "buy", "trade_id": "SOLUSDT-1000096"}
{"event_ts": "2026-06-27T10:06:38.100Z", "symbol": "SOLUSDT", "price": 145.09, "qty": 18.660877, "side": "sell", "trade_id": "SOLUSDT-1000097"}
{"event_ts": "2026-06-27T10:06:00.520Z", "symbol": "SOLUSDT", "price": 145.13, "qty": 18.110747, "side": "sell", "trade_id": "SOLUSDT-1000098"}
{"event_ts": "2026-06-27T10:06:51.420Z", "symbol": "SOLUSDT", "price": 145.1, "qty": 23.172004, "side": "buy", "trade_id": "SOLUSDT-1000099"}
