{"event_ts": "2026-06-27T10:32:45.097Z", "symbol": "BTCUSDT", "price": 60952.42, "qty": 0.011495, "side": "sell", "trade_id": "BTCUSDT-1000470"}
{"event_ts": "2026-06-27T10:32:14.189Z", "symbol": "BTCUSDT", "price": 60949.51, "qty": 0.018601, "side": "buy", "trade_id": "BTCUSDT-1000471"}
{"event_ts": "2026-06-27T10:32:11.029Z", "symbol": "BTCUSDT", "price": 60929.79, "qty": 0.018667, "side": "buy", "trade_id": "BTCUSDT-1000472"}
{"event_ts": "2026-06-27T10:32:31.515Z", "symbol": "BTCUSDT", "price": 60943.57, "qty": 0.001472, "side": "buy", "trade_id": "BTCUSDT-1000473"}
{"event_ts": "2026-06-27T10:32:42.844Z", "symbol": "BTCUSDT", "price": 60919.73, "qty": 0.02893, "side": "sell", "trade_id": "BTCUSDT-1000474"}
{"event_ts": "2026-06-27T10:32:02.101Z", "symbol": "BTCUSDT", "price": 60920.8, "qty": 0.004685, "side": "buy", "trade_id": "BTCUSDT-1000475"}
{"event_ts": "2026-06-27T10:32:39.080Z", "symbol": "BTCUSDT", "price": 60903.74, "qty": 0.004202, "side": "buy", "trade_id": "BTCUSDT-1000476"}
{"event_ts": "2026-06-27T10:32:07.555Z", "symbol": "BTCUSDT", "price": 60898.22, "qty": 0.015013, "side": "buy", "trade_id": "BTCUSDT-1000477"}
{"event_ts": "2026-06-27T10:32:24.941Z", "symbol": "BTCUSDT", "price": 60890.75, "qty": 0.021171, "side": "sell", "trade_id": "BTCUSDT-1000478"}
{"event_ts": "2026-06-27T10:32:10.637Z", "symbol": "BTCUSDT", "price": 60907.56, "qty": 0.048089, "side": "sell", "trade_id": "BTCUSDT-1000479"}
{"event_ts": "2026-06-27T10:32:47.077Z", "symbol": "ETHUSDT", "price": 3383.46, "qty": 0.125353, "side": "buy", "trade_id": "ETHUSDT-1000439"}
{"event_ts": "2026-06-27T10:32:57.034Z", "symbol": "ETHUSDT", "price": 3384.0, "qty": 0.098013, "side": "sell", "trade_id": "ETHUSDT-1000440"}
{"event_ts": "2026-06-27T10:32:44.688Z", "symbol": "ETHUSDT", "price": 3384.56, "qty": 0.456939, "side": "sell", "trade_id": "ETHUSDT-1000441"}
{"event_ts": "2026-06-27T10:32:03.539Z", "symbol": "ETHUSDT", "price": 3384.02, "qty": 0.11883, "side": "buy", "trade_id": "ETHUSDT-1000442"}
{"event_ts": "2026-06-27T10:32:00.567Z", "symbol": "ETHUSDT", "price": 3382.8, "qty": 0.416465, "side": "sell", "trade_id": "ETHUSDT-1000443"}
{"event_ts": "2026-06-27T10:32:53.531Z", "symbol": "ETHUSDT", "price": 3382.5, "qty": 0.284049, "side": "sell", "trade_id": "ETHUSDT-1000444"}
{"event_ts": "2026-06-27T10:32:51.829Z", "symbol": "ETHUSDT", "price": 3382.02, "qty": 0.247857, "side": "sell", "trade_id": "ETHUSDT-1000445"}
{"event_ts": "2026-06-27T10:32:00.076Z", "symbol": "ETHUSDT", "price": 3380.88, "qty": 0.136205, "side": "sell", "trade_id": "ETHUSDT-1000446"}
{"event_ts": "2026-06-27T10:32:05.678Z", "symbol": "ETHUSDT", "price": 3379.64, "qty": 0.362942, "side": "buy", "trade_id": "ETHUSDT-1000447"}
{"event_ts": "2026-06-27T10:32:15.374Z", "symbol": "ETHUSDT", "price": 3380.8, "qty": 0.117058, "side": "buy", "trade_id": "ETHUSDT-1000448"}
{"event_ts": "2026-06-27T10:32:47.051Z", "symbol": "SOLUSDT", "price": 143.07, "qty": 37.488208, "side": "sell", "trade_id": "SOLUSDT-1000439"}
{"event_ts": "2026-06-27T10:32:43.436Z", "symbol": "SOLUSDT", "price": 143.01, "qty": 33.646023, "side": "buy", "trade_id": "SOLUSDT-1000440"}
{"event_ts": "2026-06-27T10:32:59.288Z", "symbol": "SOLUSDT", "price": 143.07, "qty": 20.985463, "side": "sell", "trade_id": "SOLUSDT-1000441"}
{"event_ts": "2026-06-27T10:32:01.050Z", "symbol": "SOLUSDT", "price": 143.13, "qty": 39.454833, "side": "buy", "trade_id": "SOLUSDT-1000442"}
{"event_ts": "2026-06-27T10:32:50.927Z", "symbol": "SOLUSDT", "price": 143.01, "qty": 36.385205, "side": "sell", "trade_id": "SOLUSDT-1000443"}
{"event_ts": "2026-06-27T10:32:06.935Z", "symbol": "SOLUSDT", "price": 143.0, "qty": 33.510469, "side": "sell", "trade_id": "SOLUSDT-1000444"}
{"event_ts": "2026-06-27T10:32:39.463Z", "symbol": "SOLUSDT", "price": 142.98, "qty": 14.803006, "side": "sell", "trade_id": "SOLUSDT-1000445"}
{"event_ts": "2026-06-27T10:32:00.504Z", "symbol": "SOLUSDT", "price": 142.87, "qty": 26.787032, "side": "buy", "trade_id": "SOLUSDT-1000446"}
{"event_ts": "2026-06-27T10:32:55.265Z", "symbol": "SOLUSDT", "price": 142.95, "qty": 20.827985, "side": "sell", "trade_id": "SOLUSDT-1000447"}
{"event_ts": "2026-06-27T10:32:09.157Z", "symbol": "SOLUSDT", "price": 142.83, "qty": 29.225872, "side": "buy", "trade_id": "SOLUSDT-1000448"}
{"event_ts": "2026-06-27T10:32:12.792Z", "symbol": "SOLUSDT", "price": 142.86, "qty": 30.939702, "side": "buy", "trade_id": "SOLUSDT-1000449"}
{"event_ts": "2026-06-27T10:32:02.887Z", "symbol": "SOLUSDT", "price": 142.86, "qty": 32.909212, "side": "buy", "trade_id": "SOLUSDT-1000450"}
{"event_ts": "2026-06-27T10:32:57.596Z", "symbol": "SOLUSDT", "price": 142.77, "qty": 38.970861, "side": "buy", "trade_id": "SOLUSDT-1000451"}
{"event_ts": "2026-06-27T10:32:54.663Z", "symbol": "SOLUSDT", "price": 142.86, "qty": 28.655374, "side": "sell", "trade_id": "SOLUSDT-1000452"}
{"event_ts": "2026-06-27T10:32:07.542Z", "symbol": "SOLUSDT", "price": 142.96, "qty": 37.40777, "side": "sell", "trade_id": "SOLUSDT-1000453"}
