{"event_ts": "2026-06-27T10:08:54.265Z", "symbol": "BTCUSDT", "price": 60953.5, "qty": 0.009226, "side": "buy", "trade_id": "BTCUSDT-1000121"}
{"event_ts": "2026-06-27T10:08:31.064Z", "symbol": "BTCUSDT", "price": 60948.64, "qty": 0.006396, "side": "buy", "trade_id": "BTCUSDT-1000122"}
{"event_ts": "2026-06-27T10:08:51.008Z", "symbol": "BTCUSDT", "price": 60951.89, "qty": 0.042135, "side": "buy", "trade_id": "BTCUSDT-1000123"}
{"event_ts": "2026-06-27T10:08:04.176Z", "symbol": "BTCUSDT", "price": 60955.3, "qty": 0.042495, "side": "buy", "trade_id": "BTCUSDT-1000124"}
{"event_ts": "2026-06-27T10:08:09.379Z", "symbol": "BTCUSDT", "price": 60967.25, "qty": 0.031118, "side": "buy", "trade_id": "BTCUSDT-1000125"}
{"event_ts": "2026-06-27T10:08:36.552Z", "symbol": "BTCUSDT", "price": 60982.82, "qty": 0.010153, "side": "sell", "trade_id": "BTCUSDT-1000126"}
{"event_ts": "2026-06-27T10:08:43.455Z", "symbol": "BTCUSDT", "price": 60973.81, "qty": 0.032894, "side": "buy", "trade_id": "BTCUSDT-1000127"}
{"event_ts": "2026-06-27T10:08:01.834Z", "symbol": "BTCUSDT", "price": 60986.53, "qty": 0.005297, "side": "sell", "trade_id": "BTCUSDT-1000128"}
{"event_ts": "2026-06-27T10:08:45.426Z", "symbol": "BTCUSDT", "price": 60967.82, "qty": 0.006816, "side": "sell", "trade_id": "BTCUSDT-1000129"}
{"event_ts": "2026-06-27T10:08:33.933Z", "symbol": "BTCUSDT", "price": 60982.58, "qty": 0.023983, "side": "sell", "trade_id": "BTCUSDT-1000130"}
{"event_ts": "2026-06-27T10:08:28.319Z", "symbol": "BTCUSDT", "price": 60961.13, "qty": 0.019988, "side": "buy", "trade_id": "BTCUSDT-1000131"}
{"event_ts": "2026-06-27T10:08:51.540Z", "symbol": "BTCUSDT", "price": 60943.13, "qty": 0.031508, "side": "buy", "trade_id": "BTCUSDT-1000132"}
{"event_ts": "2026-06-27T10:08:17.411Z", "symbol": "BTCUSDT", "price": 60951.0, "qty": 0.028817, "side": "buy", "trade_id": "BTCUSDT-1000133"}
{"event_ts": "2026-06-27T10:08:07.493Z", "symbol": "BTCUSDT", "price": 60972.13, "qty": 0.01272, "side": "sell", "trade_id": "BTCUSDT-1000134"}
{"event_ts": "2026-06-27T10:08:38.689Z", "symbol": "BTCUSDT", "price": 60953.29, "qty": 0.015914, "side": "buy", "trade_id": "BTCUSDT-1000135"}
{"event_ts": "2026-06-27T10:08:49.580Z", "symbol": "BTCUSDT", "price": 60947.63, "qty": 0.017142, "side": "sell", "trade_id": "BTCUSDT-1000136"}
{"event_ts": "2026-06-27T10:08:39.505Z", "symbol": "BTCUSDT", "price": 60965.43, "qty": 0.039766, "side": "sell", "trade_id": "BTCUSDT-1000137"}
{"event_ts": "2026-06-27T10:08:35.275Z", "symbol": "BTCUSDT", "price": 60945.35, "qty": 0.006852, "side": "sell", "trade_id": "BTCUSDT-1000138"}
{"event_ts": "2026-06-27T10:08:49.924Z", "symbol": "BTCUSDT", "price": 60956.77, "qty": 0.01505, "side": "sell", "trade_id": "BTCUSDT-1000139"}
{"event_ts": "2026-06-27T10:08:46.724Z", "symbol": "ETHUSDT", "price": 3397.91, "qty": 0.265906, "side": "buy", "trade_id": "ETHUSDT-1000111"}
{"event_ts": "2026-06-27T10:08:55.034Z", "symbol": "ETHUSDT", "price": 3399.38, "qty": 0.452055, "side": "buy", "trade_id": "ETHUSDT-1000112"}
{"event_ts": "2026-06-27T10:08:30.982Z", "symbol": "ETHUSDT", "price": 3400.25, "qty": 0.482064, "side": "buy", "trade_id": "ETHUSDT-1000113"}
{"event_ts": "2026-06-27T10:08:32.803Z", "symbol": "ETHUSDT", "price": 3400.42, "qty": 0.353153, "side": "sell", "trade_id": "ETHUSDT-1000114"}
{"event_ts": "2026-06-27T10:08:59.999Z", "symbol": "ETHUSDT", "price": 3401.53, "qty": 0.443755, "side": "sell", "trade_id": "ETHUSDT-1000115"}
{"event_ts": "2026-06-27T10:08:33.966Z", "symbol": "ETHUSDT", "price": 3402.42, "qty": 0.120457, "side": "buy", "trade_id": "ETHUSDT-1000116"}
{"event_ts": "2026-06-27T10:08:44.519Z", "symbol": "ETHUSDT", "price": 3402.07, "qty": 0.341894, "side": "sell", "trade_id": "ETHUSDT-1000117"}
{"event_ts": "2026-06-27T10:08:30.427Z", "symbol": "ETHUSDT", "price": 3400.56, "qty": 0.244771, "side": "sell", "trade_id": "ETHUSDT-1000118"}
{"event_ts": "2026-06-27T10:08:15.208Z", "symbol": "ETHUSDT", "price": 3399.34, "qty": 0.258051, "side": "buy", "trade_id": "ETHUSDT-1000119"}
{"event_ts": "2026-06-27T10:08:59.326Z", "symbol": "ETHUSDT", "price": 3397.95, "qty": 0.414931, "side": "buy", "trade_id": "ETHUSDT-1000120"}
{"event_ts": "2026-06-27T10:08:48.752Z", "symbol": "ETHUSDT", "price": 3399.33, "qty": 0.087177, "side": "buy", "trade_id": "ETHUSDT-1000121"}
{"event_ts": "2026-06-27T10:08:30.491Z", "symbol": "ETHUSDT", "price": 3397.57, "qty": 0.228808, "side": "sell", "trade_id": "ETHUSDT-1000122"}
{"event_ts": "2026-06-27T10:08:07.645Z", "symbol": "ETHUSDT", "price": 3398.69, "qty": 0.048055, "side": "sell", "trade_id": "ETHUSDT-1000123"}
{"event_ts": "2026-06-27T10:08:26.970Z", "symbol": "ETHUSDT", "price": 3398.0, "qty": 0.128698, "side": "buy", "trade_id": "ETHUSDT-1000124"}
{"event_ts": "2026-06-27T10:08:27.711Z", "symbol": "ETHUSDT", "price": 3398.95, "qty": 0.200398, "side": "buy", "trade_id": "ETHUSDT-1000125"}
{"event_ts": "2026-06-27T10:08:44.155Z", "symbol": "ETHUSDT", "price": 3398.89, "qty": 0.44069, "side": "sell", "trade_id": "ETHUSDT-1000126"}
{"event_ts": "2026-06-27T10:08:34.593Z", "symbol": "ETHUSDT", "price": 3400.82, "qty": 0.476328, "side": "sell", "trade_id": "ETHUSDT-1000127"}
{"event_ts": "2026-06-27T10:08:31.856Z", "symbol": "ETHUSDT", "price": 3399.94, "qty": 0.123535, "side": "sell", "trade_id": "ETHUSDT-1000128"}
{"event_ts": "2026-06-27T10:08:40.387Z", "symbol": "SOLUSDT", "price": 144.54, "qty": 3.936343, "side": "buy", "trade_id": "SOLUSDT-1000110"}
{"event_ts": "2026-06-27T10:08:04.077Z", "symbol": "SOLUSDT", "price": 144.61, "qty": 12.688587, "side": "buy", "trade_id": "SOLUSDT-1000111"}
{"event_ts": "2026-06-27T10:08:41.445Z", "symbol": "SOLUSDT", "price": 144.48, "qty": 18.021066, "side": "buy", "trade_id": "SOLUSDT-1000112"}
{"event_ts": "2026-06-27T10:08:23.941Z", "symbol": "SOLUSDT", "price": 144.38, "qty": 12.441682, "side": "sell", "trade_id": "SOLUSDT-1000113"}
{"event_ts": "2026-06-27T10:08:00.350Z", "symbol": "SOLUSDT", "price": 144.4, "qty": 22.553018, "side": "buy", "trade_id": "SOLUSDT-1000114"}
{"event_ts": "2026-06-27T10:08:52.660Z", "symbol": "SOLUSDT", "price": 144.38, "qty": 36.338987, "side": "sell", "trade_id": "SOLUSDT-1000115"}
{"event_ts": "2026-06-27T10:08:52.182Z", "symbol": "SOLUSDT", "price": 144.53, "qty": 29.215966, "side": "sell", "trade_id": "SOLUSDT-1000116"}
{"event_ts": "2026-06-27T10:08:04.822Z", "symbol": "SOLUSDT", "price": 144.4, "qty": 12.040686, "side": "buy", "trade_id": "SOLUSDT-1000117"}
{"event_ts": "2026-06-27T10:08:12.101Z", "symbol": "SOLUSDT", "price": 144.5, "qty": 34.322806, "side": "sell", "trade_id": "SOLUSDT-1000118"}
{"event_ts": "2026-06-27T10:08:09.860Z", "symbol": "SOLUSDT", "price": 144.38, "qty": 33.782634, "side": "sell", "trade_id": "SOLUSDT-1000119"}
{"event_ts": "2026-06-27T10:08:53.521Z", "symbol": "SOLUSDT", "price": 144.45, "qty": 33.90773, "side": "sell", "trade_id": "SOLUSDT-1000120"}
{"event_ts": "2026-06-27T10:08:33.500Z", "symbol": "SOLUSDT", "price": 144.4, "qty": 19.288437, "side": "buy", "trade_id": "SOLUSDT-1000121"}
{"event_ts": "2026-06-27T10:08:55.844Z", "symbol": "SOLUSDT", "price": 144.33, "qty": 7.925009, "side": "buy", "trade_id": "SOLUSDT-1000122"}
{"event_ts": "2026-06-27T10:08:48.900Z", "symbol": "SOLUSDT", "price": 144.45, "qty": 25.739663, "side": "buy", "trade_id": "SOLUSDT-1000123"}
{"event_ts": "2026-06-27T10:08:22.391Z", "symbol": "SOLUSDT", "price": 144.37, "qty": 18.652405, "side": "sell", "trade_id": "SOLUSDT-1000124"}
