{"event_ts": "2026-06-27T10:47:03.205Z", "symbol": "BTCUSDT", "price": 60957.73, "qty": 0.00871, "side": "buy", "trade_id": "BTCUSDT-1000652"}
{"event_ts": "2026-06-27T10:47:26.694Z", "symbol": "BTCUSDT", "price": 60971.94, "qty": 0.0493, "side": "buy", "trade_id": "BTCUSDT-1000653"}
{"event_ts": "2026-06-27T10:47:07.614Z", "symbol": "BTCUSDT", "price": 60988.51, "qty": 0.049733, "side": "buy", "trade_id": "BTCUSDT-1000654"}
{"event_ts": "2026-06-27T10:47:53.583Z", "symbol": "BTCUSDT", "price": 60980.33, "qty": 0.037761, "side": "sell", "trade_id": "BTCUSDT-1000655"}
{"event_ts": "2026-06-27T10:47:15.511Z", "symbol": "BTCUSDT", "price": 60965.07, "qty": 0.025386, "side": "buy", "trade_id": "BTCUSDT-1000656"}
{"event_ts": "2026-06-27T10:47:04.178Z", "symbol": "BTCUSDT", "price": 60973.44, "qty": 0.041755, "side": "sell", "trade_id": "BTCUSDT-1000657"}
{"event_ts": "2026-06-27T10:47:12.889Z", "symbol": "BTCUSDT", "price": 60986.49, "qty": 0.005096, "side": "buy", "trade_id": "BTCUSDT-1000658"}
{"event_ts": "2026-06-27T10:47:06.048Z", "symbol": "BTCUSDT", "price": 61009.4, "qty": 0.036778, "side": "sell", "trade_id": "BTCUSDT-1000659"}
{"event_ts": "2026-06-27T10:47:09.977Z", "symbol": "BTCUSDT", "price": 61005.25, "qty": 0.004997, "side": "sell", "trade_id": "BTCUSDT-1000660"}
{"event_ts": "2026-06-27T10:47:56.749Z", "symbol": "BTCUSDT", "price": 61028.0, "qty": 0.005579, "side": "sell", "trade_id": "BTCUSDT-1000661"}
{"event_ts": "2026-06-27T10:47:23.499Z", "symbol": "ETHUSDT", "price": 3368.62, "qty": 0.115646, "side": "buy", "trade_id": "ETHUSDT-1000634"}
{"event_ts": "2026-06-27T10:47:51.453Z", "symbol": "ETHUSDT", "price": 3367.28, "qty": 0.206384, "side": "sell", "trade_id": "ETHUSDT-1000635"}
{"event_ts": "2026-06-27T10:47:34.316Z", "symbol": "ETHUSDT", "price": 3368.68, "qty": 0.340254, "side": "buy", "trade_id": "ETHUSDT-1000636"}
{"event_ts": "2026-06-27T10:47:42.517Z", "symbol": "ETHUSDT", "price": 3367.87, "qty": 0.443809, "side": "sell", "trade_id": "ETHUSDT-1000637"}
{"event_ts": "2026-06-27T10:47:19.692Z", "symbol": "ETHUSDT", "price": 3368.79, "qty": 0.359941, "side": "buy", "trade_id": "ETHUSDT-1000638"}
{"event_ts": "2026-06-27T10:47:26.069Z", "symbol": "ETHUSDT", "price": 3367.58, "qty": 0.121805, "side": "sell", "trade_id": "ETHUSDT-1000639"}
{"event_ts": "2026-06-27T10:47:26.287Z", "symbol": "ETHUSDT", "price": 3365.69, "qty": 0.037405, "side": "buy", "trade_id": "ETHUSDT-1000640"}
{"event_ts": "2026-06-27T10:47:23.936Z", "symbol": "ETHUSDT", "price": 3364.72, "qty": 0.238251, "side": "sell", "trade_id": "ETHUSDT-1000641"}
{"event_ts": "2026-06-27T10:47:01.065Z", "symbol": "SOLUSDT", "price": 143.6, "qty": 34.868872, "side": "sell", "trade_id": "SOLUSDT-1000655"}
{"event_ts": "2026-06-27T10:47:38.946Z", "symbol": "SOLUSDT", "price": 143.74, "qty": 37.234388, "side": "buy", "trade_id": "SOLUSDT-1000656"}
{"event_ts": "2026-06-27T10:47:27.649Z", "symbol": "SOLUSDT", "price": 143.63, "qty": 15.858336, "side": "sell", "trade_id": "SOLUSDT-1000657"}
{"event_ts": "2026-06-27T10:47:00.872Z", "symbol": "SOLUSDT", "price": 143.77, "qty": 8.63115, "side": "buy", "trade_id": "SOLUSDT-1000658"}
{"event_ts": "2026-06-27T10:47:56.931Z", "symbol": "SOLUSDT", "price": 143.91, "qty": 6.530999, "side": "buy", "trade_id": "SOLUSDT-1000659"}
{"event_ts": "2026-06-27T10:47:00.801Z", "symbol": "SOLUSDT", "price": 143.99, "qty": 20.528652, "side": "buy", "trade_id": "SOLUSDT-1000660"}
{"event_ts": "2026-06-27T10:47:54.166Z", "symbol": "SOLUSDT", "price": 143.91, "qty": 24.834837, "side": "buy", "trade_id": "SOLUSDT-1000661"}
{"event_ts": "2026-06-27T10:47:12.365Z", "symbol": "SOLUSDT", "price": 144.06, "qty": 10.014147, "side": "buy", "trade_id": "SOLUSDT-1000662"}
{"event_ts": "2026-06-27T10:47:34.857Z", "symbol": "SOLUSDT", "price": 144.16, "qty": 13.105376, "side": "sell", "trade_id": "SOLUSDT-1000663"}
{"event_ts": "2026-06-27T10:47:30.298Z", "symbol": "SOLUSDT", "price": 144.13, "qty": 31.146581, "side": "sell", "trade_id": "SOLUSDT-1000664"}
{"event_ts": "2026-06-27T10:47:05.395Z", "symbol": "SOLUSDT", "price": 144.06, "qty": 15.064047, "side": "sell", "trade_id": "SOLUSDT-1000665"}
{"event_ts": "2026-06-27T10:47:46.244Z", "symbol": "SOLUSDT", "price": 144.0, "qty": 2.848546, "side": "sell", "trade_id": "SOLUSDT-1000666"}
{"event_ts": "2026-06-27T10:47:04.385Z", "symbol": "SOLUSDT", "price": 143.91, "qty": 19.686555, "side": "sell", "trade_id": "SOLUSDT-1000667"}
{"event_ts": "2026-06-27T10:47:17.070Z", "symbol": "SOLUSDT", "price": 143.96, "qty": 32.754883, "side": "sell", "trade_id": "SOLUSDT-1000668"}
{"event_ts": "2026-06-27T10:47:33.115Z", "symbol": "SOLUSDT", "price": 143.96, "qty": 37.429425, "side": "buy", "trade_id": "SOLUSDT-1000669"}
{"event_ts": "2026-06-27T10:47:33.625Z", "symbol": "SOLUSDT", "price": 144.07, "qty": 31.254402, "side": "buy", "trade_id": "SOLUSDT-1000670"}
