{"event_ts": "2026-06-27T10:21:50.988Z", "symbol": "BTCUSDT", "price": 60969.6, "qty": 0.019953, "side": "buy", "trade_id": "BTCUSDT-1000313"}
{"event_ts": "2026-06-27T10:21:07.930Z", "symbol": "BTCUSDT", "price": 60954.94, "qty": 0.024727, "side": "buy", "trade_id": "BTCUSDT-1000314"}
{"event_ts": "2026-06-27T10:21:14.524Z", "symbol": "BTCUSDT", "price": 60972.89, "qty": 0.002442, "side": "sell", "trade_id": "BTCUSDT-1000315"}
{"event_ts": "2026-06-27T10:21:32.901Z", "symbol": "BTCUSDT", "price": 60965.82, "qty": 0.001564, "side": "buy", "trade_id": "BTCUSDT-1000316"}
{"event_ts": "2026-06-27T10:21:51.260Z", "symbol": "BTCUSDT", "price": 60982.71, "qty": 0.040558, "side": "sell", "trade_id": "BTCUSDT-1000317"}
{"event_ts": "2026-06-27T10:21:35.889Z", "symbol": "BTCUSDT", "price": 60984.21, "qty": 0.017099, "side": "buy", "trade_id": "BTCUSDT-1000318"}
{"event_ts": "2026-06-27T10:21:34.394Z", "symbol": "BTCUSDT", "price": 61007.77, "qty": 0.044016, "side": "sell", "trade_id": "BTCUSDT-1000319"}
{"event_ts": "2026-06-27T10:21:03.286Z", "symbol": "BTCUSDT", "price": 61020.15, "qty": 0.039632, "side": "buy", "trade_id": "BTCUSDT-1000320"}
{"event_ts": "2026-06-27T10:21:50.588Z", "symbol": "BTCUSDT", "price": 61001.07, "qty": 0.031004, "side": "sell", "trade_id": "BTCUSDT-1000321"}
{"event_ts": "2026-06-27T10:21:32.700Z", "symbol": "BTCUSDT", "price": 60992.72, "qty": 0.036589, "side": "buy", "trade_id": "BTCUSDT-1000322"}
{"event_ts": "2026-06-27T10:21:29.099Z", "symbol": "BTCUSDT", "price": 60972.33, "qty": 0.002044, "side": "sell", "trade_id": "BTCUSDT-1000323"}
{"event_ts": "2026-06-27T10:21:47.115Z", "symbol": "BTCUSDT", "price": 60967.03, "qty": 0.008647, "side": "buy", "trade_id": "BTCUSDT-1000324"}
{"event_ts": "2026-06-27T10:21:34.527Z", "symbol": "BTCUSDT", "price": 60975.92, "qty": 0.008438, "side": "sell", "trade_id": "BTCUSDT-1000325"}
{"event_ts": "2026-06-27T10:21:54.691Z", "symbol": "BTCUSDT", "price": 60991.69, "qty": 0.040123, "side": "sell", "trade_id": "BTCUSDT-1000326"}
{"event_ts": "2026-06-27T10:21:03.512Z", "symbol": "BTCUSDT", "price": 61004.93, "qty": 0.021498, "side": "sell", "trade_id": "BTCUSDT-1000327"}
{"event_ts": "2026-06-27T10:21:51.614Z", "symbol": "ETHUSDT", "price": 3374.15, "qty": 0.237953, "side": "sell", "trade_id": "ETHUSDT-1000273"}
{"event_ts": "2026-06-27T10:21:43.097Z", "symbol": "ETHUSDT", "price": 3373.39, "qty": 0.128503, "side": "sell", "trade_id": "ETHUSDT-1000274"}
{"event_ts": "2026-06-27T10:21:23.203Z", "symbol": "ETHUSDT", "price": 3373.31, "qty": 0.050934, "side": "buy", "trade_id": "ETHUSDT-1000275"}
{"event_ts": "2026-06-27T10:21:55.542Z", "symbol": "ETHUSDT", "price": 3374.76, "qty": 0.384189, "side": "buy", "trade_id": "ETHUSDT-1000276"}
{"event_ts": "2026-06-27T10:21:27.633Z", "symbol": "ETHUSDT", "price": 3374.77, "qty": 0.033555, "side": "buy", "trade_id": "ETHUSDT-1000277"}
{"event_ts": "2026-06-27T10:21:57.554Z", "symbol": "ETHUSDT", "price": 3373.99, "qty": 0.484934, "side": "sell", "trade_id": "ETHUSDT-1000278"}
{"event_ts": "2026-06-27T10:21:41.959Z", "symbol": "ETHUSDT", "price": 3375.98, "qty": 0.315115, "side": "sell", "trade_id": "ETHUSDT-1000279"}
{"event_ts": "2026-06-27T10:21:10.175Z", "symbol": "ETHUSDT", "price": 3376.05, "qty": 0.081348, "side": "buy", "trade_id": "ETHUSDT-1000280"}
{"event_ts": "2026-06-27T10:21:41.663Z", "symbol": "ETHUSDT", "price": 3375.83, "qty": 0.289529, "side": "buy", "trade_id": "ETHUSDT-1000281"}
{"event_ts": "2026-06-27T10:21:37.427Z", "symbol": "ETHUSDT", "price": 3377.37, "qty": 0.32613, "side": "buy", "trade_id": "ETHUSDT-1000282"}
{"event_ts": "2026-06-27T10:21:09.381Z", "symbol": "ETHUSDT", "price": 3378.89, "qty": 0.337378, "side": "sell", "trade_id": "ETHUSDT-1000283"}
{"event_ts": "2026-06-27T10:21:07.806Z", "symbol": "ETHUSDT", "price": 3379.58, "qty": 0.156276, "side": "buy", "trade_id": "ETHUSDT-1000284"}
{"event_ts": "2026-06-27T10:21:43.874Z", "symbol": "SOLUSDT", "price": 143.84, "qty": 22.870113, "side": "sell", "trade_id": "SOLUSDT-1000287"}
{"event_ts": "2026-06-27T10:21:00.331Z", "symbol": "SOLUSDT", "price": 143.73, "qty": 34.312088, "side": "buy", "trade_id": "SOLUSDT-1000288"}
{"event_ts": "2026-06-27T10:21:03.019Z", "symbol": "SOLUSDT", "price": 143.75, "qty": 8.002021, "side": "buy", "trade_id": "SOLUSDT-1000289"}
{"event_ts": "2026-06-27T10:21:11.197Z", "symbol": "SOLUSDT", "price": 143.89, "qty": 4.70536, "side": "buy", "trade_id": "SOLUSDT-1000290"}
{"event_ts": "2026-06-27T10:21:24.393Z", "symbol": "SOLUSDT", "price": 143.89, "qty": 20.60651, "side": "sell", "trade_id": "SOLUSDT-1000291"}
{"event_ts": "2026-06-27T10:21:38.825Z", "symbol": "SOLUSDT", "price": 143.9, "qty": 18.674448, "side": "buy", "trade_id": "SOLUSDT-1000292"}
{"event_ts": "2026-06-27T10:21:01.617Z", "symbol": "SOLUSDT", "price": 143.8, "qty": 19.736612, "side": "buy", "trade_id": "SOLUSDT-1000293"}
{"event_ts": "2026-06-27T10:21:25.674Z", "symbol": "SOLUSDT", "price": 143.71, "qty": 35.784355, "side": "sell", "trade_id": "SOLUSDT-1000294"}
{"event_ts": "2026-06-27T10:21:34.136Z", "symbol": "SOLUSDT", "price": 143.65, "qty": 7.120982, "side": "buy", "trade_id": "SOLUSDT-1000295"}
{"event_ts": "2026-06-27T10:21:17.403Z", "symbol": "SOLUSDT", "price": 143.76, "qty": 25.557139, "side": "sell", "trade_id": "SOLUSDT-1000296"}
{"event_ts": "2026-06-27T10:21:45.953Z", "symbol": "SOLUSDT", "price": 143.77, "qty": 28.827979, "side": "sell", "trade_id": "SOLUSDT-1000297"}
