{"event_ts": "2026-06-27T10:19:55.649Z", "symbol": "BTCUSDT", "price": 60954.12, "qty": 0.041475, "side": "buy", "trade_id": "BTCUSDT-1000279"}
{"event_ts": "2026-06-27T10:19:57.876Z", "symbol": "BTCUSDT", "price": 60946.25, "qty": 0.015371, "side": "sell", "trade_id": "BTCUSDT-1000280"}
{"event_ts": "2026-06-27T10:19:08.823Z", "symbol": "BTCUSDT", "price": 60957.68, "qty": 0.047605, "side": "sell", "trade_id": "BTCUSDT-1000281"}
{"event_ts": "2026-06-27T10:19:57.340Z", "symbol": "BTCUSDT", "price": 60978.48, "qty": 0.017337, "side": "buy", "trade_id": "BTCUSDT-1000282"}
{"event_ts": "2026-06-27T10:19:31.732Z", "symbol": "BTCUSDT", "price": 60953.74, "qty": 0.024619, "side": "sell", "trade_id": "BTCUSDT-1000283"}
{"event_ts": "2026-06-27T10:19:08.356Z", "symbol": "BTCUSDT", "price": 60955.98, "qty": 0.004509, "side": "buy", "trade_id": "BTCUSDT-1000284"}
{"event_ts": "2026-06-27T10:19:04.197Z", "symbol": "BTCUSDT", "price": 60955.58, "qty": 0.033375, "side": "sell", "trade_id": "BTCUSDT-1000285"}
{"event_ts": "2026-06-27T10:19:12.035Z", "symbol": "BTCUSDT", "price": 60934.39, "qty": 0.008964, "side": "sell", "trade_id": "BTCUSDT-1000286"}
{"event_ts": "2026-06-27T10:19:23.924Z", "symbol": "BTCUSDT", "price": 60913.73, "qty": 0.049436, "side": "sell", "trade_id": "BTCUSDT-1000287"}
{"event_ts": "2026-06-27T10:19:09.864Z", "symbol": "BTCUSDT", "price": 60899.15, "qty": 0.01515, "side": "buy", "trade_id": "BTCUSDT-1000288"}
{"event_ts": "2026-06-27T10:19:07.144Z", "symbol": "BTCUSDT", "price": 60922.5, "qty": 0.025623, "side": "buy", "trade_id": "BTCUSDT-1000289"}
{"event_ts": "2026-06-27T10:19:56.883Z", "symbol": "BTCUSDT", "price": 60932.78, "qty": 0.017138, "side": "sell", "trade_id": "BTCUSDT-1000290"}
{"event_ts": "2026-06-27T10:19:08.005Z", "symbol": "BTCUSDT", "price": 60922.02, "qty": 0.002516, "side": "sell", "trade_id": "BTCUSDT-1000291"}
{"event_ts": "2026-06-27T10:19:47.459Z", "symbol": "BTCUSDT", "price": 60917.07, "qty": 0.043757, "side": "sell", "trade_id": "BTCUSDT-1000292"}
{"event_ts": "2026-06-27T10:19:37.931Z", "symbol": "BTCUSDT", "price": 60929.13, "qty": 0.045134, "side": "buy", "trade_id": "BTCUSDT-1000293"}
{"event_ts": "2026-06-27T10:19:25.707Z", "symbol": "BTCUSDT", "price": 60938.2, "qty": 0.031947, "side": "buy", "trade_id": "BTCUSDT-1000294"}
{"event_ts": "2026-06-27T10:19:14.090Z", "symbol": "BTCUSDT", "price": 60913.96, "qty": 0.013594, "side": "sell", "trade_id": "BTCUSDT-1000295"}
{"event_ts": "2026-06-27T10:19:54.916Z", "symbol": "BTCUSDT", "price": 60916.73, "qty": 0.049027, "side": "buy", "trade_id": "BTCUSDT-1000296"}
{"event_ts": "2026-06-27T10:19:11.197Z", "symbol": "BTCUSDT", "price": 60940.78, "qty": 0.03114, "side": "buy", "trade_id": "BTCUSDT-1000297"}
{"event_ts": "2026-06-27T10:19:36.100Z", "symbol": "BTCUSDT", "price": 60919.0, "qty": 0.007566, "side": "sell", "trade_id": "BTCUSDT-1000298"}
{"event_ts": "2026-06-27T10:19:43.403Z", "symbol": "ETHUSDT", "price": 3380.98, "qty": 0.345303, "side": "sell", "trade_id": "ETHUSDT-1000240"}
{"event_ts": "2026-06-27T10:19:00.629Z", "symbol": "ETHUSDT", "price": 3382.52, "qty": 0.383789, "side": "buy", "trade_id": "ETHUSDT-1000241"}
{"event_ts": "2026-06-27T10:19:01.781Z", "symbol": "ETHUSDT", "price": 3384.23, "qty": 0.290549, "side": "buy", "trade_id": "ETHUSDT-1000242"}
{"event_ts": "2026-06-27T10:19:31.842Z", "symbol": "ETHUSDT", "price": 3382.36, "qty": 0.416962, "side": "sell", "trade_id": "ETHUSDT-1000243"}
{"event_ts": "2026-06-27T10:19:59.600Z", "symbol": "ETHUSDT", "price": 3380.69, "qty": 0.196175, "side": "sell", "trade_id": "ETHUSDT-1000244"}
{"event_ts": "2026-06-27T10:19:11.986Z", "symbol": "ETHUSDT", "price": 3381.18, "qty": 0.356184, "side": "sell", "trade_id": "ETHUSDT-1000245"}
{"event_ts": "2026-06-27T10:19:35.224Z", "symbol": "ETHUSDT", "price": 3380.84, "qty": 0.401782, "side": "buy", "trade_id": "ETHUSDT-1000246"}
{"event_ts": "2026-06-27T10:19:13.592Z", "symbol": "ETHUSDT", "price": 3379.68, "qty": 0.273471, "side": "buy", "trade_id": "ETHUSDT-1000247"}
{"event_ts": "2026-06-27T10:19:44.392Z", "symbol": "ETHUSDT", "price": 3381.28, "qty": 0.379428, "side": "sell", "trade_id": "ETHUSDT-1000248"}
{"event_ts": "2026-06-27T10:19:50.345Z", "symbol": "ETHUSDT", "price": 3382.92, "qty": 0.191879, "side": "buy", "trade_id": "ETHUSDT-1000249"}
{"event_ts": "2026-06-27T10:19:37.347Z", "symbol": "ETHUSDT", "price": 3381.25, "qty": 0.055233, "side": "buy", "trade_id": "ETHUSDT-1000250"}
{"event_ts": "2026-06-27T10:19:03.962Z", "symbol": "ETHUSDT", "price": 3380.42, "qty": 0.366799, "side": "buy", "trade_id": "ETHUSDT-1000251"}
{"event_ts": "2026-06-27T10:19:25.552Z", "symbol": "ETHUSDT", "price": 3378.59, "qty": 0.022541, "side": "sell", "trade_id": "ETHUSDT-1000252"}
{"event_ts": "2026-06-27T10:19:40.869Z", "symbol": "ETHUSDT", "price": 3378.76, "qty": 0.331367, "side": "buy", "trade_id": "ETHUSDT-1000253"}
{"event_ts": "2026-06-27T10:19:20.350Z", "symbol": "ETHUSDT", "price": 3377.45, "qty": 0.093364, "side": "sell", "trade_id": "ETHUSDT-1000254"}
{"event_ts": "2026-06-27T10:19:07.891Z", "symbol": "ETHUSDT", "price": 3376.26, "qty": 0.455528, "side": "sell", "trade_id": "ETHUSDT-1000255"}
{"event_ts": "2026-06-27T10:19:08.061Z", "symbol": "ETHUSDT", "price": 3376.53, "qty": 0.105305, "side": "buy", "trade_id": "ETHUSDT-1000256"}
{"event_ts": "2026-06-27T10:19:18.532Z", "symbol": "SOLUSDT", "price": 143.35, "qty": 17.377841, "side": "sell", "trade_id": "SOLUSDT-1000254"}
{"event_ts": "2026-06-27T10:19:21.515Z", "symbol": "SOLUSDT", "price": 143.48, "qty": 35.450472, "side": "sell", "trade_id": "SOLUSDT-1000255"}
{"event_ts": "2026-06-27T10:19:54.482Z", "symbol": "SOLUSDT", "price": 143.41, "qty": 1.708163, "side": "sell", "trade_id": "SOLUSDT-1000256"}
{"event_ts": "2026-06-27T10:19:47.574Z", "symbol": "SOLUSDT", "price": 143.47, "qty": 16.486396, "side": "buy", "trade_id": "SOLUSDT-1000257"}
{"event_ts": "2026-06-27T10:19:12.778Z", "symbol": "SOLUSDT", "price": 143.6, "qty": 38.669678, "side": "sell", "trade_id": "SOLUSDT-1000258"}
{"event_ts": "2026-06-27T10:19:24.974Z", "symbol": "SOLUSDT", "price": 143.55, "qty": 13.948704, "side": "sell", "trade_id": "SOLUSDT-1000259"}
{"event_ts": "2026-06-27T10:19:23.003Z", "symbol": "SOLUSDT", "price": 143.49, "qty": 33.201816, "side": "sell", "trade_id": "SOLUSDT-1000260"}
{"event_ts": "2026-06-27T10:19:20.581Z", "symbol": "SOLUSDT", "price": 143.54, "qty": 5.83985, "side": "buy", "trade_id": "SOLUSDT-1000261"}
{"event_ts": "2026-06-27T10:19:50.859Z", "symbol": "SOLUSDT", "price": 143.53, "qty": 36.60563, "side": "sell", "trade_id": "SOLUSDT-1000262"}
{"event_ts": "2026-06-27T10:19:30.655Z", "symbol": "SOLUSDT", "price": 143.55, "qty": 14.794815, "side": "sell", "trade_id": "SOLUSDT-1000263"}
{"event_ts": "2026-06-27T10:19:07.571Z", "symbol": "SOLUSDT", "price": 143.66, "qty": 12.246322, "side": "buy", "trade_id": "SOLUSDT-1000264"}
{"event_ts": "2026-06-27T10:19:06.967Z", "symbol": "SOLUSDT", "price": 143.55, "qty": 29.675268, "side": "buy", "trade_id": "SOLUSDT-1000265"}
{"event_ts": "2026-06-27T10:19:07.377Z", "symbol": "SOLUSDT", "price": 143.66, "qty": 19.252425, "side": "buy", "trade_id": "SOLUSDT-1000266"}
{"event_ts": "2026-06-27T10:19:08.141Z", "symbol": "SOLUSDT", "price": 143.73, "qty": 26.657856, "side": "buy", "trade_id": "SOLUSDT-1000267"}
