{"event_ts": "2026-06-27T10:40:49.124Z", "symbol": "BTCUSDT", "price": 60834.97, "qty": 0.045911, "side": "buy", "trade_id": "BTCUSDT-1000554"}
{"event_ts": "2026-06-27T10:40:44.591Z", "symbol": "BTCUSDT", "price": 60828.84, "qty": 0.033737, "side": "buy", "trade_id": "BTCUSDT-1000555"}
{"event_ts": "2026-06-27T10:40:55.941Z", "symbol": "BTCUSDT", "price": 60838.95, "qty": 0.019554, "side": "buy", "trade_id": "BTCUSDT-1000556"}
{"event_ts": "2026-06-27T10:40:55.372Z", "symbol": "BTCUSDT", "price": 60860.21, "qty": 0.039821, "side": "buy", "trade_id": "BTCUSDT-1000557"}
{"event_ts": "2026-06-27T10:40:51.401Z", "symbol": "BTCUSDT", "price": 60880.58, "qty": 0.01495, "side": "buy", "trade_id": "BTCUSDT-1000558"}
{"event_ts": "2026-06-27T10:40:30.821Z", "symbol": "BTCUSDT", "price": 60892.23, "qty": 0.029918, "side": "sell", "trade_id": "BTCUSDT-1000559"}
{"event_ts": "2026-06-27T10:40:46.592Z", "symbol": "BTCUSDT", "price": 60900.86, "qty": 0.042103, "side": "sell", "trade_id": "BTCUSDT-1000560"}
{"event_ts": "2026-06-27T10:40:39.239Z", "symbol": "BTCUSDT", "price": 60910.6, "qty": 0.00269, "side": "sell", "trade_id": "BTCUSDT-1000561"}
{"event_ts": "2026-06-27T10:40:32.835Z", "symbol": "BTCUSDT", "price": 60913.59, "qty": 0.011735, "side": "sell", "trade_id": "BTCUSDT-1000562"}
{"event_ts": "2026-06-27T10:40:29.182Z", "symbol": "BTCUSDT", "price": 60923.82, "qty": 0.001132, "side": "sell", "trade_id": "BTCUSDT-1000563"}
{"event_ts": "2026-06-27T10:40:45.751Z", "symbol": "BTCUSDT", "price": 60941.15, "qty": 0.043641, "side": "buy", "trade_id": "BTCUSDT-1000564"}
{"event_ts": "2026-06-27T10:40:23.923Z", "symbol": "BTCUSDT", "price": 60963.35, "qty": 0.039098, "side": "buy", "trade_id": "BTCUSDT-1000565"}
{"event_ts": "2026-06-27T10:40:23.325Z", "symbol": "ETHUSDT", "price": 3370.59, "qty": 0.378409, "side": "buy", "trade_id": "ETHUSDT-1000540"}
{"event_ts": "2026-06-27T10:40:13.047Z", "symbol": "ETHUSDT", "price": 3369.01, "qty": 0.245797, "side": "sell", "trade_id": "ETHUSDT-1000541"}
{"event_ts": "2026-06-27T10:40:05.148Z", "symbol": "ETHUSDT", "price": 3369.08, "qty": 0.040042, "side": "buy", "trade_id": "ETHUSDT-1000542"}
{"event_ts": "2026-06-27T10:40:45.125Z", "symbol": "ETHUSDT", "price": 3370.55, "qty": 0.026902, "side": "sell", "trade_id": "ETHUSDT-1000543"}
{"event_ts": "2026-06-27T10:40:12.454Z", "symbol": "ETHUSDT", "price": 3371.46, "qty": 0.350468, "side": "buy", "trade_id": "ETHUSDT-1000544"}
{"event_ts": "2026-06-27T10:40:31.028Z", "symbol": "ETHUSDT", "price": 3372.16, "qty": 0.40275, "side": "buy", "trade_id": "ETHUSDT-1000545"}
{"event_ts": "2026-06-27T10:40:12.828Z", "symbol": "ETHUSDT", "price": 3371.68, "qty": 0.312338, "side": "sell", "trade_id": "ETHUSDT-1000546"}
{"event_ts": "2026-06-27T10:40:41.355Z", "symbol": "ETHUSDT", "price": 3371.82, "qty": 0.02942, "side": "buy", "trade_id": "ETHUSDT-1000547"}
{"event_ts": "2026-06-27T10:40:02.741Z", "symbol": "ETHUSDT", "price": 3370.74, "qty": 0.044699, "side": "buy", "trade_id": "ETHUSDT-1000548"}
{"event_ts": "2026-06-27T10:40:14.622Z", "symbol": "ETHUSDT", "price": 3370.14, "qty": 0.19477, "side": "buy", "trade_id": "ETHUSDT-1000549"}
{"event_ts": "2026-06-27T10:40:06.748Z", "symbol": "ETHUSDT", "price": 3369.9, "qty": 0.476299, "side": "sell", "trade_id": "ETHUSDT-1000550"}
{"event_ts": "2026-06-27T10:40:13.817Z", "symbol": "ETHUSDT", "price": 3370.43, "qty": 0.261013, "side": "sell", "trade_id": "ETHUSDT-1000551"}
{"event_ts": "2026-06-27T10:40:16.500Z", "symbol": "ETHUSDT", "price": 3371.61, "qty": 0.214237, "side": "buy", "trade_id": "ETHUSDT-1000552"}
{"event_ts": "2026-06-27T10:40:45.955Z", "symbol": "ETHUSDT", "price": 3369.84, "qty": 0.406478, "side": "buy", "trade_id": "ETHUSDT-1000553"}
{"event_ts": "2026-06-27T10:40:46.961Z", "symbol": "ETHUSDT", "price": 3371.62, "qty": 0.130247, "side": "sell", "trade_id": "ETHUSDT-1000554"}
{"event_ts": "2026-06-27T10:40:55.393Z", "symbol": "SOLUSDT", "price": 143.4, "qty": 24.467699, "side": "buy", "trade_id": "SOLUSDT-1000552"}
{"event_ts": "2026-06-27T10:40:12.216Z", "symbol": "SOLUSDT", "price": 143.5, "qty": 23.791255, "side": "buy", "trade_id": "SOLUSDT-1000553"}
{"event_ts": "2026-06-27T10:40:09.042Z", "symbol": "SOLUSDT", "price": 143.47, "qty": 15.337376, "side": "sell", "trade_id": "SOLUSDT-1000554"}
{"event_ts": "2026-06-27T10:40:28.141Z", "symbol": "SOLUSDT", "price": 143.43, "qty": 36.711513, "side": "sell", "trade_id": "SOLUSDT-1000555"}
{"event_ts": "2026-06-27T10:40:16.291Z", "symbol": "SOLUSDT", "price": 143.38, "qty": 7.455533, "side": "sell", "trade_id": "SOLUSDT-1000556"}
{"event_ts": "2026-06-27T10:40:37.411Z", "symbol": "SOLUSDT", "price": 143.33, "qty": 9.052092, "side": "sell", "trade_id": "SOLUSDT-1000557"}
{"event_ts": "2026-06-27T10:40:51.975Z", "symbol": "SOLUSDT", "price": 143.35, "qty": 24.449714, "side": "buy", "trade_id": "SOLUSDT-1000558"}
{"event_ts": "2026-06-27T10:40:00.473Z", "symbol": "SOLUSDT", "price": 143.24, "qty": 14.567171, "side": "buy", "trade_id": "SOLUSDT-1000559"}
{"event_ts": "2026-06-27T10:37:30.500Z", "symbol": "ETHUSDT", "price": 3405.0, "qty": 0.25, "side": "sell", "trade_id": "ETHUSDT-9000100"}
