{"event_ts": "2026-06-27T10:33:27.697Z", "symbol": "BTCUSDT", "price": 60912.0, "qty": 0.019732, "side": "sell", "trade_id": "BTCUSDT-1000480"}
{"event_ts": "2026-06-27T10:33:14.408Z", "symbol": "BTCUSDT", "price": 60892.32, "qty": 0.036616, "side": "buy", "trade_id": "BTCUSDT-1000481"}
{"event_ts": "2026-06-27T10:33:03.307Z", "symbol": "BTCUSDT", "price": 60907.83, "qty": 0.02631, "side": "sell", "trade_id": "BTCUSDT-1000482"}
{"event_ts": "2026-06-27T10:33:29.364Z", "symbol": "BTCUSDT", "price": 60912.94, "qty": 0.040239, "side": "buy", "trade_id": "BTCUSDT-1000483"}
{"event_ts": "2026-06-27T10:33:39.084Z", "symbol": "BTCUSDT", "price": 60911.64, "qty": 0.037865, "side": "sell", "trade_id": "BTCUSDT-1000484"}
{"event_ts": "2026-06-27T10:33:35.497Z", "symbol": "BTCUSDT", "price": 60934.82, "qty": 0.003214, "side": "sell", "trade_id": "BTCUSDT-1000485"}
{"event_ts": "2026-06-27T10:33:09.538Z", "symbol": "BTCUSDT", "price": 60922.32, "qty": 0.00147, "side": "sell", "trade_id": "BTCUSDT-1000486"}
{"event_ts": "2026-06-27T10:33:44.082Z", "symbol": "BTCUSDT", "price": 60914.98, "qty": 0.039604, "side": "sell", "trade_id": "BTCUSDT-1000487"}
{"event_ts": "2026-06-27T10:33:07.421Z", "symbol": "BTCUSDT", "price": 60920.91, "qty": 0.002722, "side": "buy", "trade_id": "BTCUSDT-1000488"}
{"event_ts": "2026-06-27T10:33:38.671Z", "symbol": "BTCUSDT", "price": 60903.13, "qty": 0.038256, "side": "sell", "trade_id": "BTCUSDT-1000489"}
{"event_ts": "2026-06-27T10:33:06.916Z", "symbol": "ETHUSDT", "price": 3378.81, "qty": 0.056289, "side": "sell", "trade_id": "ETHUSDT-1000449"}
{"event_ts": "2026-06-27T10:33:10.351Z", "symbol": "ETHUSDT", "price": 3379.28, "qty": 0.450143, "side": "sell", "trade_id": "ETHUSDT-1000450"}
{"event_ts": "2026-06-27T10:33:40.246Z", "symbol": "ETHUSDT", "price": 3380.74, "qty": 0.030106, "side": "sell", "trade_id": "ETHUSDT-1000451"}
{"event_ts": "2026-06-27T10:33:38.862Z", "symbol": "ETHUSDT", "price": 3380.02, "qty": 0.307093, "side": "sell", "trade_id": "ETHUSDT-1000452"}
{"event_ts": "2026-06-27T10:33:55.419Z", "symbol": "ETHUSDT", "price": 3379.79, "qty": 0.220938, "side": "buy", "trade_id": "ETHUSDT-1000453"}
{"event_ts": "2026-06-27T10:33:50.339Z", "symbol": "ETHUSDT", "price": 3379.59, "qty": 0.462332, "side": "buy", "trade_id": "ETHUSDT-1000454"}
{"event_ts": "2026-06-27T10:33:50.730Z", "symbol": "ETHUSDT", "price": 3378.19, "qty": 0.383053, "side": "buy", "trade_id": "ETHUSDT-1000455"}
{"event_ts": "2026-06-27T10:33:51.338Z", "symbol": "ETHUSDT", "price": 3379.29, "qty": 0.176151, "side": "sell", "trade_id": "ETHUSDT-1000456"}
{"event_ts": "2026-06-27T10:33:14.979Z", "symbol": "ETHUSDT", "price": 3379.96, "qty": 0.283956, "side": "buy", "trade_id": "ETHUSDT-1000457"}
{"event_ts": "2026-06-27T10:33:06.165Z", "symbol": "ETHUSDT", "price": 3379.1, "qty": 0.3421, "side": "sell", "trade_id": "ETHUSDT-1000458"}
{"event_ts": "2026-06-27T10:33:52.430Z", "symbol": "SOLUSDT", "price": 143.03, "qty": 24.201345, "side": "buy", "trade_id": "SOLUSDT-1000454"}
{"event_ts": "2026-06-27T10:33:05.372Z", "symbol": "SOLUSDT", "price": 143.17, "qty": 32.737832, "side": "sell", "trade_id": "SOLUSDT-1000455"}
{"event_ts": "2026-06-27T10:33:19.788Z", "symbol": "SOLUSDT", "price": 143.31, "qty": 1.484748, "side": "sell", "trade_id": "SOLUSDT-1000456"}
{"event_ts": "2026-06-27T10:33:27.645Z", "symbol": "SOLUSDT", "price": 143.29, "qty": 38.982356, "side": "sell", "trade_id": "SOLUSDT-1000457"}
{"event_ts": "2026-06-27T10:33:31.308Z", "symbol": "SOLUSDT", "price": 143.17, "qty": 5.863654, "side": "sell", "trade_id": "SOLUSDT-1000458"}
{"event_ts": "2026-06-27T10:33:50.702Z", "symbol": "SOLUSDT", "price": 143.22, "qty": 22.94678, "side": "sell", "trade_id": "SOLUSDT-1000459"}
{"event_ts": "2026-06-27T10:33:23.022Z", "symbol": "SOLUSDT", "price": 143.33, "qty": 35.054337, "side": "buy", "trade_id": "SOLUSDT-1000460"}
{"event_ts": "2026-06-27T10:33:13.339Z", "symbol": "SOLUSDT", "price": 143.32, "qty": 8.329771, "side": "sell", "trade_id": "SOLUSDT-1000461"}
{"event_ts": "2026-06-27T10:33:49.108Z", "symbol": "SOLUSDT", "price": 143.25, "qty": 8.600139, "side": "buy", "trade_id": "SOLUSDT-1000462"}
{"event_ts": "2026-06-27T10:33:23.992Z", "symbol": "SOLUSDT", "price": 143.12, "qty": 12.922899, "side": "sell", "trade_id": "SOLUSDT-1000463"}
{"event_ts": "2026-06-27T10:33:56.425Z", "symbol": "SOLUSDT", "price": 143.01, "qty": 20.597455, "side": "sell", "trade_id": "SOLUSDT-1000464"}
{"event_ts": "2026-06-27T10:33:45.000Z", "symbol": "SOLUSDT", "price": 145.5, "qty": 8.0, "side": "sell", "trade_id": null}
