{"event_ts": "2026-06-27T10:49:33.170Z", "symbol": "BTCUSDT", "price": 61014.17, "qty": 0.023164, "side": "sell", "trade_id": "BTCUSDT-1000680"}
{"event_ts": "2026-06-27T10:49:13.736Z", "symbol": "BTCUSDT", "price": 61030.46, "qty": 0.048689, "side": "sell", "trade_id": "BTCUSDT-1000681"}
{"event_ts": "2026-06-27T10:49:19.813Z", "symbol": "BTCUSDT", "price": 61016.56, "qty": 0.046892, "side": "buy", "trade_id": "BTCUSDT-1000682"}
{"event_ts": "2026-06-27T10:49:12.994Z", "symbol": "BTCUSDT", "price": 61024.5, "qty": 0.039947, "side": "buy", "trade_id": "BTCUSDT-1000683"}
{"event_ts": "2026-06-27T10:49:27.520Z", "symbol": "BTCUSDT", "price": 61031.76, "qty": 0.011064, "side": "buy", "trade_id": "BTCUSDT-1000684"}
{"event_ts": "2026-06-27T10:49:11.267Z", "symbol": "BTCUSDT", "price": 61020.67, "qty": 0.048772, "side": "sell", "trade_id": "BTCUSDT-1000685"}
{"event_ts": "2026-06-27T10:49:27.401Z", "symbol": "BTCUSDT", "price": 61016.52, "qty": 0.017206, "side": "buy", "trade_id": "BTCUSDT-1000686"}
{"event_ts": "2026-06-27T10:49:57.073Z", "symbol": "BTCUSDT", "price": 61012.55, "qty": 0.040369, "side": "buy", "trade_id": "BTCUSDT-1000687"}
{"event_ts": "2026-06-27T10:49:26.833Z", "symbol": "BTCUSDT", "price": 61021.8, "qty": 0.005748, "side": "buy", "trade_id": "BTCUSDT-1000688"}
{"event_ts": "2026-06-27T10:49:49.787Z", "symbol": "ETHUSDT", "price": 3360.86, "qty": 0.451692, "side": "sell", "trade_id": "ETHUSDT-1000661"}
{"event_ts": "2026-06-27T10:49:46.894Z", "symbol": "ETHUSDT", "price": 3361.35, "qty": 0.273461, "side": "sell", "trade_id": "ETHUSDT-1000662"}
{"event_ts": "2026-06-27T10:49:27.369Z", "symbol": "ETHUSDT", "price": 3360.74, "qty": 0.289451, "side": "buy", "trade_id": "ETHUSDT-1000663"}
{"event_ts": "2026-06-27T10:49:14.163Z", "symbol": "ETHUSDT", "price": 3359.63, "qty": 0.101613, "side": "sell", "trade_id": "ETHUSDT-1000664"}
{"event_ts": "2026-06-27T10:49:16.239Z", "symbol": "ETHUSDT", "price": 3360.65, "qty": 0.159379, "side": "buy", "trade_id": "ETHUSDT-1000665"}
{"event_ts": "2026-06-27T10:49:29.844Z", "symbol": "ETHUSDT", "price": 3360.9, "qty": 0.375673, "side": "sell", "trade_id": "ETHUSDT-1000666"}
{"event_ts": "2026-06-27T10:49:49.662Z", "symbol": "ETHUSDT", "price": 3359.25, "qty": 0.356116, "side": "sell", "trade_id": "ETHUSDT-1000667"}
{"event_ts": "2026-06-27T10:49:56.977Z", "symbol": "ETHUSDT", "price": 3358.8, "qty": 0.033179, "side": "sell", "trade_id": "ETHUSDT-1000668"}
{"event_ts": "2026-06-27T10:49:01.297Z", "symbol": "ETHUSDT", "price": 3357.6, "qty": 0.131247, "side": "buy", "trade_id": "ETHUSDT-1000669"}
{"event_ts": "2026-06-27T10:49:48.585Z", "symbol": "ETHUSDT", "price": 3358.42, "qty": 0.398794, "side": "buy", "trade_id": "ETHUSDT-1000670"}
{"event_ts": "2026-06-27T10:49:12.033Z", "symbol": "ETHUSDT", "price": 3360.38, "qty": 0.289763, "side": "buy", "trade_id": "ETHUSDT-1000671"}
{"event_ts": "2026-06-27T10:49:07.904Z", "symbol": "ETHUSDT", "price": 3359.96, "qty": 0.180291, "side": "sell", "trade_id": "ETHUSDT-1000672"}
{"event_ts": "2026-06-27T10:49:08.872Z", "symbol": "ETHUSDT", "price": 3359.91, "qty": 0.440081, "side": "buy", "trade_id": "ETHUSDT-1000673"}
{"event_ts": "2026-06-27T10:49:03.697Z", "symbol": "ETHUSDT", "price": 3361.35, "qty": 0.193526, "side": "sell", "trade_id": "ETHUSDT-1000674"}
{"event_ts": "2026-06-27T10:49:22.812Z", "symbol": "ETHUSDT", "price": 3361.21, "qty": 0.192718, "side": "buy", "trade_id": "ETHUSDT-1000675"}
{"event_ts": "2026-06-27T10:49:22.303Z", "symbol": "ETHUSDT", "price": 3359.48, "qty": 0.47071, "side": "buy", "trade_id": "ETHUSDT-1000676"}
{"event_ts": "2026-06-27T10:49:14.687Z", "symbol": "ETHUSDT", "price": 3359.44, "qty": 0.227938, "side": "sell", "trade_id": "ETHUSDT-1000677"}
{"event_ts": "2026-06-27T10:49:58.350Z", "symbol": "SOLUSDT", "price": 144.94, "qty": 25.205151, "side": "sell", "trade_id": "SOLUSDT-1000688"}
{"event_ts": "2026-06-27T10:49:10.380Z", "symbol": "SOLUSDT", "price": 145.07, "qty": 18.210194, "side": "sell", "trade_id": "SOLUSDT-1000689"}
{"event_ts": "2026-06-27T10:49:19.025Z", "symbol": "SOLUSDT", "price": 145.09, "qty": 25.018807, "side": "buy", "trade_id": "SOLUSDT-1000690"}
{"event_ts": "2026-06-27T10:49:43.262Z", "symbol": "SOLUSDT", "price": 145.17, "qty": 31.367352, "side": "buy", "trade_id": "SOLUSDT-1000691"}
{"event_ts": "2026-06-27T10:49:00.972Z", "symbol": "SOLUSDT", "price": 145.28, "qty": 9.419377, "side": "sell", "trade_id": "SOLUSDT-1000692"}
{"event_ts": "2026-06-27T10:49:25.521Z", "symbol": "SOLUSDT", "price": 145.14, "qty": 30.703903, "side": "sell", "trade_id": "SOLUSDT-1000693"}
{"event_ts": "2026-06-27T10:49:06.907Z", "symbol": "SOLUSDT", "price": 145.06, "qty": 16.089943, "side": "buy", "trade_id": "SOLUSDT-1000694"}
{"event_ts": "2026-06-27T10:49:52.287Z", "symbol": "SOLUSDT", "price": 145.11, "qty": 10.293863, "side": "sell", "trade_id": "SOLUSDT-1000695"}
{"event_ts": "2026-06-27T10:49:42.814Z", "symbol": "SOLUSDT", "price": 144.98, "qty": 29.250725, "side": "sell", "trade_id": "SOLUSDT-1000696"}
{"event_ts": "2026-06-27T10:49:43.529Z", "symbol": "SOLUSDT", "price": 145.01, "qty": 18.021587, "side": "buy", "trade_id": "SOLUSDT-1000697"}
{"event_ts": "2026-06-27T10:49:13.233Z", "symbol": "SOLUSDT", "price": 144.9, "qty": 17.353087, "side": "sell", "trade_id": "SOLUSDT-1000698"}
{"event_ts": "2026-06-27T10:49:05.163Z", "symbol": "SOLUSDT", "price": 144.87, "qty": 30.329402, "side": "sell", "trade_id": "SOLUSDT-1000699"}
{"event_ts": "2026-06-27T10:49:59.836Z", "symbol": "SOLUSDT", "price": 145.01, "qty": 36.87808, "side": "sell", "trade_id": "SOLUSDT-1000700"}
{"event_ts": "2026-06-27T10:49:26.357Z", "symbol": "SOLUSDT", "price": 145.04, "qty": 24.781884, "side": "buy", "trade_id": "SOLUSDT-1000701"}
{"event_ts": "2026-06-27T10:49:29.555Z", "symbol": "SOLUSDT", "price": 144.9, "qty": 9.754981, "side": "buy", "trade_id": "SOLUSDT-1000702"}
{"event_ts": "2026-06-27T10:49:52.719Z", "symbol": "SOLUSDT", "price": 144.84, "qty": 32.320894, "side": "sell", "trade_id": "SOLUSDT-1000703"}
{"event_ts": "2026-06-27T10:49:52.079Z", "symbol": "SOLUSDT", "price": 144.85, "qty": 30.017387, "side": "buy", "trade_id": "SOLUSDT-1000704"}
