{"event_ts": "2026-06-27T10:43:31.099Z", "symbol": "BTCUSDT", "price": 61039.13, "qty": 0.020519, "side": "sell", "trade_id": "BTCUSDT-1000594"}
{"event_ts": "2026-06-27T10:43:48.829Z", "symbol": "BTCUSDT", "price": 61022.4, "qty": 0.013872, "side": "sell", "trade_id": "BTCUSDT-1000595"}
{"event_ts": "2026-06-27T10:43:52.915Z", "symbol": "BTCUSDT", "price": 61043.1, "qty": 0.044625, "side": "buy", "trade_id": "BTCUSDT-1000596"}
{"event_ts": "2026-06-27T10:43:22.742Z", "symbol": "BTCUSDT", "price": 61041.83, "qty": 0.039855, "side": "sell", "trade_id": "BTCUSDT-1000597"}
{"event_ts": "2026-06-27T10:43:10.006Z", "symbol": "BTCUSDT", "price": 61024.78, "qty": 0.014361, "side": "sell", "trade_id": "BTCUSDT-1000598"}
{"event_ts": "2026-06-27T10:43:36.376Z", "symbol": "BTCUSDT", "price": 61048.48, "qty": 0.026653, "side": "sell", "trade_id": "BTCUSDT-1000599"}
{"event_ts": "2026-06-27T10:43:08.172Z", "symbol": "BTCUSDT", "price": 61026.77, "qty": 0.023271, "side": "buy", "trade_id": "BTCUSDT-1000600"}
{"event_ts": "2026-06-27T10:43:45.035Z", "symbol": "BTCUSDT", "price": 61013.31, "qty": 0.012989, "side": "sell", "trade_id": "BTCUSDT-1000601"}
{"event_ts": "2026-06-27T10:43:52.993Z", "symbol": "BTCUSDT", "price": 61007.8, "qty": 0.005672, "side": "sell", "trade_id": "BTCUSDT-1000602"}
{"event_ts": "2026-06-27T10:43:50.048Z", "symbol": "BTCUSDT", "price": 61002.29, "qty": 0.012131, "side": "sell", "trade_id": "BTCUSDT-1000603"}
{"event_ts": "2026-06-27T10:43:09.248Z", "symbol": "BTCUSDT", "price": 61027.21, "qty": 0.015606, "side": "sell", "trade_id": "BTCUSDT-1000604"}
{"event_ts": "2026-06-27T10:43:46.534Z", "symbol": "BTCUSDT", "price": 61030.94, "qty": 0.020572, "side": "buy", "trade_id": "BTCUSDT-1000605"}
{"event_ts": "2026-06-27T10:43:32.189Z", "symbol": "BTCUSDT", "price": 61027.27, "qty": 0.044371, "side": "buy", "trade_id": "BTCUSDT-1000606"}
{"event_ts": "2026-06-27T10:43:56.757Z", "symbol": "BTCUSDT", "price": 61050.02, "qty": 0.036834, "side": "buy", "trade_id": "BTCUSDT-1000607"}
{"event_ts": "2026-06-27T10:43:46.131Z", "symbol": "BTCUSDT", "price": 61060.12, "qty": 0.005429, "side": "buy", "trade_id": "BTCUSDT-1000608"}
{"event_ts": "2026-06-27T10:43:55.859Z", "symbol": "BTCUSDT", "price": 61064.01, "qty": 0.030227, "side": "buy", "trade_id": "BTCUSDT-1000609"}
{"event_ts": "2026-06-27T10:43:33.557Z", "symbol": "BTCUSDT", "price": 61043.02, "qty": 0.02502, "side": "buy", "trade_id": "BTCUSDT-1000610"}
{"event_ts": "2026-06-27T10:43:30.035Z", "symbol": "BTCUSDT", "price": 61061.07, "qty": 0.041322, "side": "sell", "trade_id": "BTCUSDT-1000611"}
{"event_ts": "2026-06-27T10:43:42.926Z", "symbol": "BTCUSDT", "price": 61077.52, "qty": 0.009281, "side": "buy", "trade_id": "BTCUSDT-1000612"}
{"event_ts": "2026-06-27T10:43:27.021Z", "symbol": "ETHUSDT", "price": 3370.06, "qty": 0.088056, "side": "sell", "trade_id": "ETHUSDT-1000583"}
{"event_ts": "2026-06-27T10:43:39.071Z", "symbol": "ETHUSDT", "price": 3371.16, "qty": 0.228425, "side": "buy", "trade_id": "ETHUSDT-1000584"}
{"event_ts": "2026-06-27T10:43:19.663Z", "symbol": "ETHUSDT", "price": 3369.31, "qty": 0.379952, "side": "sell", "trade_id": "ETHUSDT-1000585"}
{"event_ts": "2026-06-27T10:43:53.947Z", "symbol": "ETHUSDT", "price": 3370.17, "qty": 0.094849, "side": "sell", "trade_id": "ETHUSDT-1000586"}
{"event_ts": "2026-06-27T10:43:17.638Z", "symbol": "ETHUSDT", "price": 3370.95, "qty": 0.189248, "side": "sell", "trade_id": "ETHUSDT-1000587"}
{"event_ts": "2026-06-27T10:43:49.704Z", "symbol": "ETHUSDT", "price": 3372.34, "qty": 0.01962, "side": "sell", "trade_id": "ETHUSDT-1000588"}
{"event_ts": "2026-06-27T10:43:40.504Z", "symbol": "ETHUSDT", "price": 3371.08, "qty": 0.247097, "side": "buy", "trade_id": "ETHUSDT-1000589"}
{"event_ts": "2026-06-27T10:43:31.387Z", "symbol": "ETHUSDT", "price": 3371.63, "qty": 0.474251, "side": "buy", "trade_id": "ETHUSDT-1000590"}
{"event_ts": "2026-06-27T10:43:52.277Z", "symbol": "SOLUSDT", "price": 143.43, "qty": 9.416736, "side": "buy", "trade_id": "SOLUSDT-1000598"}
{"event_ts": "2026-06-27T10:43:44.408Z", "symbol": "SOLUSDT", "price": 143.36, "qty": 31.785017, "side": "buy", "trade_id": "SOLUSDT-1000599"}
{"event_ts": "2026-06-27T10:43:12.609Z", "symbol": "SOLUSDT", "price": 143.49, "qty": 21.001562, "side": "sell", "trade_id": "SOLUSDT-1000600"}
{"event_ts": "2026-06-27T10:43:26.040Z", "symbol": "SOLUSDT", "price": 143.6, "qty": 15.834847, "side": "sell", "trade_id": "SOLUSDT-1000601"}
{"event_ts": "2026-06-27T10:43:51.907Z", "symbol": "SOLUSDT", "price": 143.48, "qty": 28.866913, "side": "sell", "trade_id": "SOLUSDT-1000602"}
{"event_ts": "2026-06-27T10:43:29.851Z", "symbol": "SOLUSDT", "price": 143.42, "qty": 24.896897, "side": "sell", "trade_id": "SOLUSDT-1000603"}
{"event_ts": "2026-06-27T10:43:20.442Z", "symbol": "SOLUSDT", "price": 143.56, "qty": 4.282809, "side": "sell", "trade_id": "SOLUSDT-1000604"}
{"event_ts": "2026-06-27T10:43:51.925Z", "symbol": "SOLUSDT", "price": 143.7, "qty": 38.879689, "side": "sell", "trade_id": "SOLUSDT-1000605"}
{"event_ts": "2026-06-27T10:43:29.107Z", "symbol": "SOLUSDT", "price": 143.64, "qty": 1.194232, "side": "sell", "trade_id": "SOLUSDT-1000606"}
{"event_ts": "2026-06-27T10:43:00.771Z", "symbol": "SOLUSDT", "price": 143.6, "qty": 4.940394, "side": "sell", "trade_id": "SOLUSDT-1000607"}
{"event_ts": "2026-06-27T10:43:10.230Z", "symbol": "SOLUSDT", "price": 143.65, "qty": 30.491097, "side": "buy", "trade_id": "SOLUSDT-1000608"}
{"event_ts": "2026-06-27T10:43:25.175Z", "symbol": "SOLUSDT", "price": 143.65, "qty": 1.406596, "side": "buy", "trade_id": "SOLUSDT-1000609"}
{"event_ts": "2026-06-27T10:43:22.431Z", "symbol": "SOLUSDT", "price": 143.73, "qty": 4.592205, "side": "sell", "trade_id": "SOLUSDT-1000610"}
{"event_ts": "2026-06-27T10:43:01.205Z", "symbol": "SOLUSDT", "price": 143.87, "qty": 16.46012, "side": "buy", "trade_id": "SOLUSDT-1000611"}
{"event_ts": "2026-06-27T10:43:30.646Z", "symbol": "SOLUSDT", "price": 143.89, "qty": 38.244243, "side": "buy", "trade_id": "SOLUSDT-1000612"}
{"event_ts": "2026-06-27T10:43:32.055Z", "symbol": "SOLUSDT", "price": 143.89, "qty": 38.820135, "side": "sell", "trade_id": "SOLUSDT-1000613"}
{"event_ts": "2026-06-27T10:43:13.898Z", "symbol": "SOLUSDT", "price": 143.88, "qty": 8.979569, "side": "sell", "trade_id": "SOLUSDT-1000614"}
{"event_ts": "2026-06-27T10:43:01.081Z", "symbol": "SOLUSDT", "price": 143.86, "qty": 36.786118, "side": "sell", "trade_id": "SOLUSDT-1000615"}
{"event_ts": "2026-06-27T10:43:38.702Z", "symbol": "SOLUSDT", "price": 143.96, "qty": 16.569522, "side": "sell", "trade_id": "SOLUSDT-1000616"}
{"event_ts": "2026-06-27T10:43:37.566Z", "symbol": "SOLUSDT", "price": 144.03, "qty": 20.798498, "side": "buy", "trade_id": "SOLUSDT-1000617"}
