{"event_ts": "2026-06-27T10:10:33.817Z", "symbol": "BTCUSDT", "price": 60992.09, "qty": 0.024971, "side": "sell", "trade_id": "BTCUSDT-1000152"}
{"event_ts": "2026-06-27T10:10:02.612Z", "symbol": "BTCUSDT", "price": 61006.91, "qty": 0.041894, "side": "sell", "trade_id": "BTCUSDT-1000153"}
{"event_ts": "2026-06-27T10:10:27.515Z", "symbol": "BTCUSDT", "price": 60988.0, "qty": 0.013954, "side": "sell", "trade_id": "BTCUSDT-1000154"}
{"event_ts": "2026-06-27T10:10:38.143Z", "symbol": "BTCUSDT", "price": 60991.28, "qty": 0.030497, "side": "buy", "trade_id": "BTCUSDT-1000155"}
{"event_ts": "2026-06-27T10:10:29.719Z", "symbol": "BTCUSDT", "price": 61012.11, "qty": 0.030606, "side": "sell", "trade_id": "BTCUSDT-1000156"}
{"event_ts": "2026-06-27T10:10:01.025Z", "symbol": "BTCUSDT", "price": 61014.96, "qty": 0.005108, "side": "buy", "trade_id": "BTCUSDT-1000157"}
{"event_ts": "2026-06-27T10:10:23.453Z", "symbol": "BTCUSDT", "price": 61004.73, "qty": 0.003556, "side": "buy", "trade_id": "BTCUSDT-1000158"}
{"event_ts": "2026-06-27T10:10:49.922Z", "symbol": "BTCUSDT", "price": 61010.77, "qty": 0.019537, "side": "buy", "trade_id": "BTCUSDT-1000159"}
{"event_ts": "2026-06-27T10:10:38.254Z", "symbol": "BTCUSDT", "price": 61000.78, "qty": 0.038148, "side": "buy", "trade_id": "BTCUSDT-1000160"}
{"event_ts": "2026-06-27T10:10:13.059Z", "symbol": "BTCUSDT", "price": 60993.17, "qty": 0.009882, "side": "sell", "trade_id": "BTCUSDT-1000161"}
{"event_ts": "2026-06-27T10:10:35.150Z", "symbol": "BTCUSDT", "price": 61001.57, "qty": 0.005751, "side": "sell", "trade_id": "BTCUSDT-1000162"}
{"event_ts": "2026-06-27T10:10:58.008Z", "symbol": "BTCUSDT", "price": 60983.24, "qty": 0.01448, "side": "buy", "trade_id": "BTCUSDT-1000163"}
{"event_ts": "2026-06-27T10:10:05.679Z", "symbol": "ETHUSDT", "price": 3397.82, "qty": 0.459668, "side": "sell", "trade_id": "ETHUSDT-1000137"}
{"event_ts": "2026-06-27T10:10:04.344Z", "symbol": "ETHUSDT", "price": 3397.1, "qty": 0.15939, "side": "buy", "trade_id": "ETHUSDT-1000138"}
{"event_ts": "2026-06-27T10:10:45.148Z", "symbol": "ETHUSDT", "price": 3395.91, "qty": 0.384035, "side": "buy", "trade_id": "ETHUSDT-1000139"}
{"event_ts": "2026-06-27T10:10:41.698Z", "symbol": "ETHUSDT", "price": 3396.83, "qty": 0.477334, "side": "buy", "trade_id": "ETHUSDT-1000140"}
{"event_ts": "2026-06-27T10:10:18.144Z", "symbol": "ETHUSDT", "price": 3395.36, "qty": 0.305708, "side": "sell", "trade_id": "ETHUSDT-1000141"}
{"event_ts": "2026-06-27T10:10:51.226Z", "symbol": "ETHUSDT", "price": 3396.8, "qty": 0.109341, "side": "sell", "trade_id": "ETHUSDT-1000142"}
{"event_ts": "2026-06-27T10:10:23.895Z", "symbol": "ETHUSDT", "price": 3398.1, "qty": 0.219145, "side": "sell", "trade_id": "ETHUSDT-1000143"}
{"event_ts": "2026-06-27T10:10:11.556Z", "symbol": "ETHUSDT", "price": 3396.46, "qty": 0.097474, "side": "buy", "trade_id": "ETHUSDT-1000144"}
{"event_ts": "2026-06-27T10:10:15.275Z", "symbol": "ETHUSDT", "price": 3397.43, "qty": 0.090222, "side": "buy", "trade_id": "ETHUSDT-1000145"}
{"event_ts": "2026-06-27T10:10:56.852Z", "symbol": "ETHUSDT", "price": 3398.08, "qty": 0.214431, "side": "sell", "trade_id": "ETHUSDT-1000146"}
{"event_ts": "2026-06-27T10:10:26.069Z", "symbol": "ETHUSDT", "price": 3398.95, "qty": 0.323199, "side": "buy", "trade_id": "ETHUSDT-1000147"}
{"event_ts": "2026-06-27T10:10:51.159Z", "symbol": "ETHUSDT", "price": 3398.14, "qty": 0.207999, "side": "buy", "trade_id": "ETHUSDT-1000148"}
{"event_ts": "2026-06-27T10:10:37.110Z", "symbol": "ETHUSDT", "price": 3399.87, "qty": 0.287128, "side": "sell", "trade_id": "ETHUSDT-1000149"}
{"event_ts": "2026-06-27T10:10:48.905Z", "symbol": "SOLUSDT", "price": 144.3, "qty": 33.077845, "side": "sell", "trade_id": "SOLUSDT-1000137"}
{"event_ts": "2026-06-27T10:10:04.954Z", "symbol": "SOLUSDT", "price": 144.36, "qty": 30.172635, "side": "buy", "trade_id": "SOLUSDT-1000138"}
{"event_ts": "2026-06-27T10:10:32.178Z", "symbol": "SOLUSDT", "price": 144.29, "qty": 33.064563, "side": "sell", "trade_id": "SOLUSDT-1000139"}
{"event_ts": "2026-06-27T10:10:35.310Z", "symbol": "SOLUSDT", "price": 144.3, "qty": 32.984525, "side": "sell", "trade_id": "SOLUSDT-1000140"}
{"event_ts": "2026-06-27T10:10:12.528Z", "symbol": "SOLUSDT", "price": 144.26, "qty": 6.853337, "side": "buy", "trade_id": "SOLUSDT-1000141"}
{"event_ts": "2026-06-27T10:10:33.450Z", "symbol": "SOLUSDT", "price": 144.38, "qty": 13.445785, "side": "sell", "trade_id": "SOLUSDT-1000142"}
{"event_ts": "2026-06-27T10:10:09.940Z", "symbol": "SOLUSDT", "price": 144.3, "qty": 19.544104, "side": "buy", "trade_id": "SOLUSDT-1000143"}
{"event_ts": "2026-06-27T10:10:07.467Z", "symbol": "SOLUSDT", "price": 144.39, "qty": 16.509146, "side": "buy", "trade_id": "SOLUSDT-1000144"}
{"event_ts": "2026-06-27T10:10:48.788Z", "symbol": "SOLUSDT", "price": 144.29, "qty": 28.961188, "side": "buy", "trade_id": "SOLUSDT-1000145"}
