{"event_ts": "2026-06-27T10:11:05.305Z", "symbol": "BTCUSDT", "price": 61006.85, "qty": 0.026937, "side": "buy", "trade_id": "BTCUSDT-1000164"}
{"event_ts": "2026-06-27T10:11:04.712Z", "symbol": "BTCUSDT", "price": 61022.92, "qty": 0.045693, "side": "buy", "trade_id": "BTCUSDT-1000165"}
{"event_ts": "2026-06-27T10:11:26.486Z", "symbol": "BTCUSDT", "price": 61040.88, "qty": 0.017679, "side": "buy", "trade_id": "BTCUSDT-1000166"}
{"event_ts": "2026-06-27T10:11:43.468Z", "symbol": "BTCUSDT", "price": 61041.29, "qty": 0.015843, "side": "buy", "trade_id": "BTCUSDT-1000167"}
{"event_ts": "2026-06-27T10:11:02.571Z", "symbol": "BTCUSDT", "price": 61049.09, "qty": 0.01958, "side": "sell", "trade_id": "BTCUSDT-1000168"}
{"event_ts": "2026-06-27T10:11:26.538Z", "symbol": "BTCUSDT", "price": 61054.33, "qty": 0.045557, "side": "sell", "trade_id": "BTCUSDT-1000169"}
{"event_ts": "2026-06-27T10:11:29.216Z", "symbol": "BTCUSDT", "price": 61037.67, "qty": 0.044128, "side": "buy", "trade_id": "BTCUSDT-1000170"}
{"event_ts": "2026-06-27T10:11:34.581Z", "symbol": "BTCUSDT", "price": 61020.46, "qty": 0.010652, "side": "sell", "trade_id": "BTCUSDT-1000171"}
{"event_ts": "2026-06-27T10:11:52.740Z", "symbol": "BTCUSDT", "price": 61016.13, "qty": 0.039287, "side": "sell", "trade_id": "BTCUSDT-1000172"}
{"event_ts": "2026-06-27T10:11:32.721Z", "symbol": "BTCUSDT", "price": 60992.9, "qty": 0.040087, "side": "buy", "trade_id": "BTCUSDT-1000173"}
{"event_ts": "2026-06-27T10:11:32.379Z", "symbol": "BTCUSDT", "price": 60972.84, "qty": 0.034497, "side": "buy", "trade_id": "BTCUSDT-1000174"}
{"event_ts": "2026-06-27T10:11:21.738Z", "symbol": "ETHUSDT", "price": 3400.03, "qty": 0.249154, "side": "sell", "trade_id": "ETHUSDT-1000150"}
{"event_ts": "2026-06-27T10:11:00.942Z", "symbol": "ETHUSDT", "price": 3398.93, "qty": 0.228482, "side": "sell", "trade_id": "ETHUSDT-1000151"}
{"event_ts": "2026-06-27T10:11:38.252Z", "symbol": "ETHUSDT", "price": 3399.04, "qty": 0.376836, "side": "buy", "trade_id": "ETHUSDT-1000152"}
{"event_ts": "2026-06-27T10:11:04.688Z", "symbol": "ETHUSDT", "price": 3400.94, "qty": 0.462372, "side": "buy", "trade_id": "ETHUSDT-1000153"}
{"event_ts": "2026-06-27T10:11:42.313Z", "symbol": "ETHUSDT", "price": 3399.48, "qty": 0.411607, "side": "sell", "trade_id": "ETHUSDT-1000154"}
{"event_ts": "2026-06-27T10:11:44.008Z", "symbol": "ETHUSDT", "price": 3400.13, "qty": 0.27821, "side": "buy", "trade_id": "ETHUSDT-1000155"}
{"event_ts": "2026-06-27T10:11:46.269Z", "symbol": "ETHUSDT", "price": 3401.81, "qty": 0.051257, "side": "buy", "trade_id": "ETHUSDT-1000156"}
{"event_ts": "2026-06-27T10:11:27.644Z", "symbol": "ETHUSDT", "price": 3400.73, "qty": 0.463989, "side": "buy", "trade_id": "ETHUSDT-1000157"}
{"event_ts": "2026-06-27T10:11:04.827Z", "symbol": "SOLUSDT", "price": 144.38, "qty": 1.148307, "side": "sell", "trade_id": "SOLUSDT-1000146"}
{"event_ts": "2026-06-27T10:11:29.495Z", "symbol": "SOLUSDT", "price": 144.31, "qty": 8.978464, "side": "buy", "trade_id": "SOLUSDT-1000147"}
{"event_ts": "2026-06-27T10:11:23.350Z", "symbol": "SOLUSDT", "price": 144.27, "qty": 34.772387, "side": "sell", "trade_id": "SOLUSDT-1000148"}
{"event_ts": "2026-06-27T10:11:55.818Z", "symbol": "SOLUSDT", "price": 144.33, "qty": 9.848102, "side": "sell", "trade_id": "SOLUSDT-1000149"}
{"event_ts": "2026-06-27T10:11:12.863Z", "symbol": "SOLUSDT", "price": 144.2, "qty": 11.847047, "side": "sell", "trade_id": "SOLUSDT-1000150"}
{"event_ts": "2026-06-27T10:11:44.966Z", "symbol": "SOLUSDT", "price": 144.1, "qty": 21.811846, "side": "buy", "trade_id": "SOLUSDT-1000151"}
{"event_ts": "2026-06-27T10:11:22.816Z", "symbol": "SOLUSDT", "price": 144.0, "qty": 17.860796, "side": "buy", "trade_id": "SOLUSDT-1000152"}
{"event_ts": "2026-06-27T10:11:23.863Z", "symbol": "SOLUSDT", "price": 144.13, "qty": 20.211897, "side": "buy", "trade_id": "SOLUSDT-1000153"}
{"event_ts": "2026-06-27T10:11:32.164Z", "symbol": "SOLUSDT", "price": 144.06, "qty": 6.760122, "side": "buy", "trade_id": "SOLUSDT-1000154"}
{"event_ts": "2026-06-27T10:11:11.647Z", "symbol": "SOLUSDT", "price": 144.16, "qty": 24.422618, "side": "buy", "trade_id": "SOLUSDT-1000155"}
{"event_ts": "2026-06-27T10:11:55.843Z", "symbol": "SOLUSDT", "price": 144.24, "qty": 13.406815, "side": "buy", "trade_id": "SOLUSDT-1000156"}
{"event_ts": "2026-06-27T10:11:05.423Z", "symbol": "SOLUSDT", "price": 144.11, "qty": 19.198934, "side": "buy", "trade_id": "SOLUSDT-1000157"}
{"event_ts": "2026-06-27T10:11:42.487Z", "symbol": "SOLUSDT", "price": 144.19, "qty": 2.474651, "side": "sell", "trade_id": "SOLUSDT-1000158"}
{"event_ts": "2026-06-27T10:11:57.989Z", "symbol": "SOLUSDT", "price": 144.25, "qty": 9.445865, "side": "buy", "trade_id": "SOLUSDT-1000159"}
