{"event_ts": "2026-06-27T10:00:45.245Z", "symbol": "BTCUSDT", "price": 60999.8, "qty": 0.003027, "side": "sell", "trade_id": "BTCUSDT-1000001"}
{"event_ts": "2026-06-27T10:00:36.401Z", "symbol": "BTCUSDT", "price": 61011.38, "qty": 0.010192, "side": "sell", "trade_id": "BTCUSDT-1000002"}
{"event_ts": "2026-06-27T10:00:16.804Z", "symbol": "BTCUSDT", "price": 61024.35, "qty": 0.04423, "side": "buy", "trade_id": "BTCUSDT-1000003"}
{"event_ts": "2026-06-27T10:00:52.200Z", "symbol": "BTCUSDT", "price": 61010.44, "qty": 0.013698, "side": "buy", "trade_id": "BTCUSDT-1000004"}
{"event_ts": "2026-06-27T10:00:47.048Z", "symbol": "BTCUSDT", "price": 61032.69, "qty": 0.008158, "side": "buy", "trade_id": "BTCUSDT-1000005"}
{"event_ts": "2026-06-27T10:00:00.552Z", "symbol": "BTCUSDT", "price": 61049.04, "qty": 0.014837, "side": "buy", "trade_id": "BTCUSDT-1000006"}
{"event_ts": "2026-06-27T10:00:25.344Z", "symbol": "BTCUSDT", "price": 61045.45, "qty": 0.001517, "side": "sell", "trade_id": "BTCUSDT-1000007"}
{"event_ts": "2026-06-27T10:00:34.947Z", "symbol": "BTCUSDT", "price": 61039.3, "qty": 0.02524, "side": "buy", "trade_id": "BTCUSDT-1000008"}
{"event_ts": "2026-06-27T10:00:41.652Z", "symbol": "BTCUSDT", "price": 61046.91, "qty": 0.023341, "side": "buy", "trade_id": "BTCUSDT-1000009"}
{"event_ts": "2026-06-27T10:00:00.164Z", "symbol": "BTCUSDT", "price": 61049.24, "qty": 0.004031, "side": "sell", "trade_id": "BTCUSDT-1000010"}
{"event_ts": "2026-06-27T10:00:47.140Z", "symbol": "BTCUSDT", "price": 61069.2, "qty": 0.0406, "side": "sell", "trade_id": "BTCUSDT-1000011"}
{"event_ts": "2026-06-27T10:00:22.253Z", "symbol": "BTCUSDT", "price": 61067.94, "qty": 0.04092, "side": "sell", "trade_id": "BTCUSDT-1000012"}
{"event_ts": "2026-06-27T10:00:24.952Z", "symbol": "BTCUSDT", "price": 61087.31, "qty": 0.008158, "side": "buy", "trade_id": "BTCUSDT-1000013"}
{"event_ts": "2026-06-27T10:00:17.566Z", "symbol": "BTCUSDT", "price": 61070.2, "qty": 0.026564, "side": "buy", "trade_id": "BTCUSDT-1000014"}
{"event_ts": "2026-06-27T10:00:54.648Z", "symbol": "BTCUSDT", "price": 61052.84, "qty": 0.016707, "side": "sell", "trade_id": "BTCUSDT-1000015"}
{"event_ts": "2026-06-27T10:00:19.849Z", "symbol": "BTCUSDT", "price": 61056.4, "qty": 0.04972, "side": "sell", "trade_id": "BTCUSDT-1000016"}
{"event_ts": "2026-06-27T10:00:00.230Z", "symbol": "BTCUSDT", "price": 61079.06, "qty": 0.044996, "side": "buy", "trade_id": "BTCUSDT-1000017"}
{"event_ts": "2026-06-27T10:00:19.645Z", "symbol": "ETHUSDT", "price": 3400.04, "qty": 0.113795, "side": "sell", "trade_id": "ETHUSDT-1000001"}
{"event_ts": "2026-06-27T10:00:58.745Z", "symbol": "ETHUSDT", "price": 3400.0, "qty": 0.16157, "side": "buy", "trade_id": "ETHUSDT-1000002"}
{"event_ts": "2026-06-27T10:00:46.786Z", "symbol": "ETHUSDT", "price": 3398.35, "qty": 0.010708, "side": "buy", "trade_id": "ETHUSDT-1000003"}
{"event_ts": "2026-06-27T10:00:09.336Z", "symbol": "ETHUSDT", "price": 3396.68, "qty": 0.047135, "side": "sell", "trade_id": "ETHUSDT-1000004"}
{"event_ts": "2026-06-27T10:00:40.950Z", "symbol": "ETHUSDT", "price": 3396.0, "qty": 0.013583, "side": "sell", "trade_id": "ETHUSDT-1000005"}
{"event_ts": "2026-06-27T10:00:42.471Z", "symbol": "ETHUSDT", "price": 3395.44, "qty": 0.339297, "side": "sell", "trade_id": "ETHUSDT-1000006"}
{"event_ts": "2026-06-27T10:00:31.525Z", "symbol": "ETHUSDT", "price": 3396.52, "qty": 0.314443, "side": "buy", "trade_id": "ETHUSDT-1000007"}
{"event_ts": "2026-06-27T10:00:07.544Z", "symbol": "ETHUSDT", "price": 3395.31, "qty": 0.400296, "side": "sell", "trade_id": "ETHUSDT-1000008"}
{"event_ts": "2026-06-27T10:00:49.864Z", "symbol": "ETHUSDT", "price": 3396.09, "qty": 0.481471, "side": "buy", "trade_id": "ETHUSDT-1000009"}
{"event_ts": "2026-06-27T10:00:52.787Z", "symbol": "ETHUSDT", "price": 3394.76, "qty": 0.196686, "side": "sell", "trade_id": "ETHUSDT-1000010"}
{"event_ts": "2026-06-27T10:00:00.284Z", "symbol": "ETHUSDT", "price": 3396.13, "qty": 0.481663, "side": "sell", "trade_id": "ETHUSDT-1000011"}
{"event_ts": "2026-06-27T10:00:01.173Z", "symbol": "ETHUSDT", "price": 3396.62, "qty": 0.175401, "side": "sell", "trade_id": "ETHUSDT-1000012"}
{"event_ts": "2026-06-27T10:00:52.494Z", "symbol": "ETHUSDT", "price": 3396.64, "qty": 0.358317, "side": "buy", "trade_id": "ETHUSDT-1000013"}
{"event_ts": "2026-06-27T10:00:29.136Z", "symbol": "ETHUSDT", "price": 3397.85, "qty": 0.499603, "side": "sell", "trade_id": "ETHUSDT-1000014"}
{"event_ts": "2026-06-27T10:00:08.173Z", "symbol": "ETHUSDT", "price": 3398.71, "qty": 0.422929, "side": "buy", "trade_id": "ETHUSDT-1000015"}
{"event_ts": "2026-06-27T10:00:55.834Z", "symbol": "ETHUSDT", "price": 3398.43, "qty": 0.148103, "side": "buy", "trade_id": "ETHUSDT-1000016"}
{"event_ts": "2026-06-27T10:00:59.135Z", "symbol": "ETHUSDT", "price": 3396.98, "qty": 0.322426, "side": "buy", "trade_id": "ETHUSDT-1000017"}
{"event_ts": "2026-06-27T10:00:28.665Z", "symbol": "ETHUSDT", "price": 3396.62, "qty": 0.08802, "side": "buy", "trade_id": "ETHUSDT-1000018"}
{"event_ts": "2026-06-27T10:00:33.952Z", "symbol": "SOLUSDT", "price": 144.88, "qty": 12.95196, "side": "sell", "trade_id": "SOLUSDT-1000001"}
{"event_ts": "2026-06-27T10:00:44.063Z", "symbol": "SOLUSDT", "price": 144.79, "qty": 38.273088, "side": "buy", "trade_id": "SOLUSDT-1000002"}
{"event_ts": "2026-06-27T10:00:51.750Z", "symbol": "SOLUSDT", "price": 144.73, "qty": 10.368327, "side": "sell", "trade_id": "SOLUSDT-1000003"}
{"event_ts": "2026-06-27T10:00:37.582Z", "symbol": "SOLUSDT", "price": 144.79, "qty": 2.47565, "side": "buy", "trade_id": "SOLUSDT-1000004"}
{"event_ts": "2026-06-27T10:00:51.296Z", "symbol": "SOLUSDT", "price": 144.92, "qty": 14.18683, "side": "buy", "trade_id": "SOLUSDT-1000005"}
{"event_ts": "2026-06-27T10:00:00.657Z", "symbol": "SOLUSDT", "price": 145.05, "qty": 23.256016, "side": "buy", "trade_id": "SOLUSDT-1000006"}
{"event_ts": "2026-06-27T10:00:46.640Z", "symbol": "SOLUSDT", "price": 145.08, "qty": 16.682272, "side": "buy", "trade_id": "SOLUSDT-1000007"}
{"event_ts": "2026-06-27T10:00:10.170Z", "symbol": "SOLUSDT", "price": 145.08, "qty": 10.725432, "side": "sell", "trade_id": "SOLUSDT-1000008"}
{"event_ts": "2026-06-27T10:00:28.103Z", "symbol": "SOLUSDT", "price": 145.08, "qty": 26.97588, "side": "buy", "trade_id": "SOLUSDT-1000009"}
{"event_ts": "2026-06-27T10:00:24.959Z", "symbol": "SOLUSDT", "price": 145.13, "qty": 15.179278, "side": "buy", "trade_id": "SOLUSDT-1000010"}
{"event_ts": "2026-06-27T10:00:31.146Z", "symbol": "SOLUSDT", "price": 145.19, "qty": 11.096371, "side": "sell", "trade_id": "SOLUSDT-1000011"}
