{"event_ts": "2026-06-27T10:50:29.930Z", "symbol": "BTCUSDT", "price": 60999.65, "qty": 0.047396, "side": "buy", "trade_id": "BTCUSDT-1000689"}
{"event_ts": "2026-06-27T10:50:41.472Z", "symbol": "BTCUSDT", "price": 60995.26, "qty": 0.0154, "side": "buy", "trade_id": "BTCUSDT-1000690"}
{"event_ts": "2026-06-27T10:50:17.620Z", "symbol": "BTCUSDT", "price": 61019.08, "qty": 0.009207, "side": "buy", "trade_id": "BTCUSDT-1000691"}
{"event_ts": "2026-06-27T10:50:17.073Z", "symbol": "BTCUSDT", "price": 60997.83, "qty": 0.034496, "side": "buy", "trade_id": "BTCUSDT-1000692"}
{"event_ts": "2026-06-27T10:50:06.960Z", "symbol": "BTCUSDT", "price": 61010.15, "qty": 0.028604, "side": "buy", "trade_id": "BTCUSDT-1000693"}
{"event_ts": "2026-06-27T10:50:16.909Z", "symbol": "BTCUSDT", "price": 61012.7, "qty": 0.029285, "side": "buy", "trade_id": "BTCUSDT-1000694"}
{"event_ts": "2026-06-27T10:50:55.459Z", "symbol": "BTCUSDT", "price": 61000.11, "qty": 0.011771, "side": "buy", "trade_id": "BTCUSDT-1000695"}
{"event_ts": "2026-06-27T10:50:14.740Z", "symbol": "BTCUSDT", "price": 60985.5, "qty": 0.032148, "side": "buy", "trade_id": "BTCUSDT-1000696"}
{"event_ts": "2026-06-27T10:50:52.253Z", "symbol": "BTCUSDT", "price": 60999.18, "qty": 0.032182, "side": "buy", "trade_id": "BTCUSDT-1000697"}
{"event_ts": "2026-06-27T10:50:34.146Z", "symbol": "BTCUSDT", "price": 61023.49, "qty": 0.029917, "side": "sell", "trade_id": "BTCUSDT-1000698"}
{"event_ts": "2026-06-27T10:50:53.809Z", "symbol": "BTCUSDT", "price": 61019.84, "qty": 0.044561, "side": "buy", "trade_id": "BTCUSDT-1000699"}
{"event_ts": "2026-06-27T10:50:20.358Z", "symbol": "ETHUSDT", "price": 3359.54, "qty": 0.405968, "side": "sell", "trade_id": "ETHUSDT-1000678"}
{"event_ts": "2026-06-27T10:50:23.750Z", "symbol": "ETHUSDT", "price": 3357.99, "qty": 0.087119, "side": "buy", "trade_id": "ETHUSDT-1000679"}
{"event_ts": "2026-06-27T10:50:33.747Z", "symbol": "ETHUSDT", "price": 3356.75, "qty": 0.025728, "side": "buy", "trade_id": "ETHUSDT-1000680"}
{"event_ts": "2026-06-27T10:50:13.104Z", "symbol": "ETHUSDT", "price": 3357.49, "qty": 0.110022, "side": "sell", "trade_id": "ETHUSDT-1000681"}
{"event_ts": "2026-06-27T10:50:27.556Z", "symbol": "ETHUSDT", "price": 3358.66, "qty": 0.206839, "side": "buy", "trade_id": "ETHUSDT-1000682"}
{"event_ts": "2026-06-27T10:50:34.730Z", "symbol": "ETHUSDT", "price": 3358.49, "qty": 0.226864, "side": "buy", "trade_id": "ETHUSDT-1000683"}
{"event_ts": "2026-06-27T10:50:58.735Z", "symbol": "ETHUSDT", "price": 3358.41, "qty": 0.293095, "side": "buy", "trade_id": "ETHUSDT-1000684"}
{"event_ts": "2026-06-27T10:50:17.004Z", "symbol": "ETHUSDT", "price": 3358.62, "qty": 0.274681, "side": "buy", "trade_id": "ETHUSDT-1000685"}
{"event_ts": "2026-06-27T10:50:19.238Z", "symbol": "ETHUSDT", "price": 3359.12, "qty": 0.049998, "side": "sell", "trade_id": "ETHUSDT-1000686"}
{"event_ts": "2026-06-27T10:50:45.469Z", "symbol": "ETHUSDT", "price": 3359.58, "qty": 0.323199, "side": "sell", "trade_id": "ETHUSDT-1000687"}
{"event_ts": "2026-06-27T10:50:04.882Z", "symbol": "ETHUSDT", "price": 3361.16, "qty": 0.281069, "side": "buy", "trade_id": "ETHUSDT-1000688"}
{"event_ts": "2026-06-27T10:50:04.157Z", "symbol": "ETHUSDT", "price": 3359.19, "qty": 0.326651, "side": "buy", "trade_id": "ETHUSDT-1000689"}
{"event_ts": "2026-06-27T10:50:40.452Z", "symbol": "ETHUSDT", "price": 3358.75, "qty": 0.424977, "side": "sell", "trade_id": "ETHUSDT-1000690"}
{"event_ts": "2026-06-27T10:50:43.856Z", "symbol": "ETHUSDT", "price": 3360.73, "qty": 0.041543, "side": "buy", "trade_id": "ETHUSDT-1000691"}
{"event_ts": "2026-06-27T10:50:27.843Z", "symbol": "ETHUSDT", "price": 3362.55, "qty": 0.23351, "side": "sell", "trade_id": "ETHUSDT-1000692"}
{"event_ts": "2026-06-27T10:50:21.777Z", "symbol": "ETHUSDT", "price": 3360.71, "qty": 0.335215, "side": "sell", "trade_id": "ETHUSDT-1000693"}
{"event_ts": "2026-06-27T10:50:16.459Z", "symbol": "ETHUSDT", "price": 3360.69, "qty": 0.211073, "side": "buy", "trade_id": "ETHUSDT-1000694"}
{"event_ts": "2026-06-27T10:50:05.698Z", "symbol": "ETHUSDT", "price": 3360.45, "qty": 0.088909, "side": "sell", "trade_id": "ETHUSDT-1000695"}
{"event_ts": "2026-06-27T10:50:12.333Z", "symbol": "SOLUSDT", "price": 144.79, "qty": 6.455607, "side": "sell", "trade_id": "SOLUSDT-1000705"}
{"event_ts": "2026-06-27T10:50:17.957Z", "symbol": "SOLUSDT", "price": 144.66, "qty": 4.855134, "side": "sell", "trade_id": "SOLUSDT-1000706"}
{"event_ts": "2026-06-27T10:50:58.089Z", "symbol": "SOLUSDT", "price": 144.67, "qty": 7.687163, "side": "buy", "trade_id": "SOLUSDT-1000707"}
{"event_ts": "2026-06-27T10:50:11.754Z", "symbol": "SOLUSDT", "price": 144.81, "qty": 25.970821, "side": "buy", "trade_id": "SOLUSDT-1000708"}
{"event_ts": "2026-06-27T10:50:10.208Z", "symbol": "SOLUSDT", "price": 144.88, "qty": 16.276063, "side": "buy", "trade_id": "SOLUSDT-1000709"}
{"event_ts": "2026-06-27T10:50:04.808Z", "symbol": "SOLUSDT", "price": 145.03, "qty": 35.091948, "side": "sell", "trade_id": "SOLUSDT-1000710"}
{"event_ts": "2026-06-27T10:50:43.530Z", "symbol": "SOLUSDT", "price": 144.95, "qty": 6.902291, "side": "sell", "trade_id": "SOLUSDT-1000711"}
{"event_ts": "2026-06-27T10:50:14.746Z", "symbol": "SOLUSDT", "price": 144.87, "qty": 14.918326, "side": "buy", "trade_id": "SOLUSDT-1000712"}
