{"event_ts": "2026-06-27T10:05:29.716Z", "symbol": "BTCUSDT", "price": 60926.7, "qty": 0.011144, "side": "buy", "trade_id": "BTCUSDT-1000074"}
{"event_ts": "2026-06-27T10:05:14.591Z", "symbol": "BTCUSDT", "price": 60948.56, "qty": 0.017192, "side": "sell", "trade_id": "BTCUSDT-1000075"}
{"event_ts": "2026-06-27T10:05:21.641Z", "symbol": "BTCUSDT", "price": 60941.48, "qty": 0.002245, "side": "buy", "trade_id": "BTCUSDT-1000076"}
{"event_ts": "2026-06-27T10:05:49.726Z", "symbol": "BTCUSDT", "price": 60923.23, "qty": 0.004454, "side": "buy", "trade_id": "BTCUSDT-1000077"}
{"event_ts": "2026-06-27T10:05:45.162Z", "symbol": "BTCUSDT", "price": 60925.27, "qty": 0.020099, "side": "buy", "trade_id": "BTCUSDT-1000078"}
{"event_ts": "2026-06-27T10:05:04.407Z", "symbol": "BTCUSDT", "price": 60948.55, "qty": 0.037467, "side": "buy", "trade_id": "BTCUSDT-1000079"}
{"event_ts": "2026-06-27T10:05:16.936Z", "symbol": "BTCUSDT", "price": 60942.89, "qty": 0.016798, "side": "buy", "trade_id": "BTCUSDT-1000080"}
{"event_ts": "2026-06-27T10:05:27.320Z", "symbol": "BTCUSDT", "price": 60923.07, "qty": 0.03639, "side": "sell", "trade_id": "BTCUSDT-1000081"}
{"event_ts": "2026-06-27T10:05:42.156Z", "symbol": "BTCUSDT", "price": 60946.19, "qty": 0.005727, "side": "sell", "trade_id": "BTCUSDT-1000082"}
{"event_ts": "2026-06-27T10:05:46.439Z", "symbol": "BTCUSDT", "price": 60946.45, "qty": 0.015688, "side": "sell", "trade_id": "BTCUSDT-1000083"}
{"event_ts": "2026-06-27T10:05:26.860Z", "symbol": "BTCUSDT", "price": 60951.17, "qty": 0.037384, "side": "buy", "trade_id": "BTCUSDT-1000084"}
{"event_ts": "2026-06-27T10:05:49.379Z", "symbol": "BTCUSDT", "price": 60954.34, "qty": 0.017615, "side": "sell", "trade_id": "BTCUSDT-1000085"}
{"event_ts": "2026-06-27T10:05:46.743Z", "symbol": "BTCUSDT", "price": 60938.88, "qty": 0.037273, "side": "sell", "trade_id": "BTCUSDT-1000086"}
{"event_ts": "2026-06-27T10:05:36.497Z", "symbol": "BTCUSDT", "price": 60933.01, "qty": 0.015182, "side": "sell", "trade_id": "BTCUSDT-1000087"}
{"event_ts": "2026-06-27T10:05:25.660Z", "symbol": "BTCUSDT", "price": 60938.06, "qty": 0.043181, "side": "sell", "trade_id": "BTCUSDT-1000088"}
{"event_ts": "2026-06-27T10:05:23.845Z", "symbol": "BTCUSDT", "price": 60941.62, "qty": 0.014284, "side": "sell", "trade_id": "BTCUSDT-1000089"}
{"event_ts": "2026-06-27T10:05:31.779Z", "symbol": "ETHUSDT", "price": 3400.83, "qty": 0.395003, "side": "sell", "trade_id": "ETHUSDT-1000076"}
{"event_ts": "2026-06-27T10:05:30.105Z", "symbol": "ETHUSDT", "price": 3401.94, "qty": 0.415403, "side": "buy", "trade_id": "ETHUSDT-1000077"}
{"event_ts": "2026-06-27T10:05:12.787Z", "symbol": "ETHUSDT", "price": 3403.76, "qty": 0.334272, "side": "sell", "trade_id": "ETHUSDT-1000078"}
{"event_ts": "2026-06-27T10:05:11.019Z", "symbol": "ETHUSDT", "price": 3403.77, "qty": 0.226786, "side": "buy", "trade_id": "ETHUSDT-1000079"}
{"event_ts": "2026-06-27T10:05:16.389Z", "symbol": "ETHUSDT", "price": 3404.92, "qty": 0.271239, "side": "buy", "trade_id": "ETHUSDT-1000080"}
{"event_ts": "2026-06-27T10:05:23.732Z", "symbol": "ETHUSDT", "price": 3404.16, "qty": 0.38945, "side": "buy", "trade_id": "ETHUSDT-1000081"}
{"event_ts": "2026-06-27T10:05:12.269Z", "symbol": "ETHUSDT", "price": 3402.53, "qty": 0.033318, "side": "sell", "trade_id": "ETHUSDT-1000082"}
{"event_ts": "2026-06-27T10:05:38.499Z", "symbol": "ETHUSDT", "price": 3402.82, "qty": 0.466911, "side": "sell", "trade_id": "ETHUSDT-1000083"}
{"event_ts": "2026-06-27T10:05:23.164Z", "symbol": "ETHUSDT", "price": 3401.61, "qty": 0.166906, "side": "sell", "trade_id": "ETHUSDT-1000084"}
{"event_ts": "2026-06-27T10:05:36.367Z", "symbol": "SOLUSDT", "price": 145.95, "qty": 12.130111, "side": "buy", "trade_id": "SOLUSDT-1000074"}
{"event_ts": "2026-06-27T10:05:37.296Z", "symbol": "SOLUSDT", "price": 145.97, "qty": 36.058435, "side": "sell", "trade_id": "SOLUSDT-1000075"}
{"event_ts": "2026-06-27T10:05:14.785Z", "symbol": "SOLUSDT", "price": 146.01, "qty": 5.195355, "side": "sell", "trade_id": "SOLUSDT-1000076"}
{"event_ts": "2026-06-27T10:05:48.076Z", "symbol": "SOLUSDT", "price": 145.93, "qty": 26.480863, "side": "buy", "trade_id": "SOLUSDT-1000077"}
{"event_ts": "2026-06-27T10:05:24.049Z", "symbol": "SOLUSDT", "price": 145.89, "qty": 12.513985, "side": "buy", "trade_id": "SOLUSDT-1000078"}
{"event_ts": "2026-06-27T10:05:01.919Z", "symbol": "SOLUSDT", "price": 145.89, "qty": 13.675339, "side": "sell", "trade_id": "SOLUSDT-1000079"}
{"event_ts": "2026-06-27T10:05:27.373Z", "symbol": "SOLUSDT", "price": 145.74, "qty": 9.166622, "side": "buy", "trade_id": "SOLUSDT-1000080"}
{"event_ts": "2026-06-27T10:05:48.609Z", "symbol": "SOLUSDT", "price": 145.7, "qty": 29.150446, "side": "sell", "trade_id": "SOLUSDT-1000081"}
{"event_ts": "2026-06-27T10:05:08.822Z", "symbol": "SOLUSDT", "price": 145.71, "qty": 8.891261, "side": "buy", "trade_id": "SOLUSDT-1000082"}
{"event_ts": "2026-06-27T10:05:28.071Z", "symbol": "SOLUSDT", "price": 145.6, "qty": 8.495614, "side": "sell", "trade_id": "SOLUSDT-1000083"}
{"event_ts": "2026-06-27T10:05:02.326Z", "symbol": "SOLUSDT", "price": 145.64, "qty": 6.682702, "side": "sell", "trade_id": "SOLUSDT-1000084"}
{"event_ts": "2026-06-27T10:05:04.931Z", "symbol": "SOLUSDT", "price": 145.5, "qty": 19.909304, "side": "buy", "trade_id": "SOLUSDT-1000085"}
{"event_ts": "2026-06-27T10:05:41.534Z", "symbol": "SOLUSDT", "price": 145.38, "qty": 13.578656, "side": "sell", "trade_id": "SOLUSDT-1000086"}
{"event_ts": null, "symbol": "BTCUSDT", "price": 61010.0, "qty": 0.012345, "side": "buy", "trade_id": "BTCUSDT-9000001"}
