{"event_ts": "2026-06-27T10:41:09.024Z", "symbol": "BTCUSDT", "price": 60967.29, "qty": 0.023351, "side": "buy", "trade_id": "BTCUSDT-1000566"}
{"event_ts": "2026-06-27T10:41:20.437Z", "symbol": "BTCUSDT", "price": 60963.9, "qty": 0.014739, "side": "sell", "trade_id": "BTCUSDT-1000567"}
{"event_ts": "2026-06-27T10:41:02.742Z", "symbol": "BTCUSDT", "price": 60979.48, "qty": 0.016159, "side": "buy", "trade_id": "BTCUSDT-1000568"}
{"event_ts": "2026-06-27T10:41:09.028Z", "symbol": "BTCUSDT", "price": 60961.89, "qty": 0.038114, "side": "buy", "trade_id": "BTCUSDT-1000569"}
{"event_ts": "2026-06-27T10:41:56.621Z", "symbol": "BTCUSDT", "price": 60951.74, "qty": 0.031118, "side": "sell", "trade_id": "BTCUSDT-1000570"}
{"event_ts": "2026-06-27T10:41:40.652Z", "symbol": "BTCUSDT", "price": 60961.64, "qty": 0.023524, "side": "buy", "trade_id": "BTCUSDT-1000571"}
{"event_ts": "2026-06-27T10:41:54.294Z", "symbol": "BTCUSDT", "price": 60938.8, "qty": 0.047238, "side": "sell", "trade_id": "BTCUSDT-1000572"}
{"event_ts": "2026-06-27T10:41:35.125Z", "symbol": "BTCUSDT", "price": 60960.58, "qty": 0.004512, "side": "sell", "trade_id": "BTCUSDT-1000573"}
{"event_ts": "2026-06-27T10:41:05.577Z", "symbol": "BTCUSDT", "price": 60945.31, "qty": 0.044271, "side": "buy", "trade_id": "BTCUSDT-1000574"}
{"event_ts": "2026-06-27T10:41:25.969Z", "symbol": "BTCUSDT", "price": 60966.52, "qty": 0.037385, "side": "buy", "trade_id": "BTCUSDT-1000575"}
{"event_ts": "2026-06-27T10:41:32.037Z", "symbol": "BTCUSDT", "price": 60973.25, "qty": 0.019734, "side": "sell", "trade_id": "BTCUSDT-1000576"}
{"event_ts": "2026-06-27T10:41:21.681Z", "symbol": "BTCUSDT", "price": 60995.94, "qty": 0.037668, "side": "buy", "trade_id": "BTCUSDT-1000577"}
{"event_ts": "2026-06-27T10:41:07.332Z", "symbol": "BTCUSDT", "price": 61020.53, "qty": 0.031594, "side": "buy", "trade_id": "BTCUSDT-1000578"}
{"event_ts": "2026-06-27T10:41:21.712Z", "symbol": "ETHUSDT", "price": 3373.59, "qty": 0.297033, "side": "buy", "trade_id": "ETHUSDT-1000555"}
{"event_ts": "2026-06-27T10:41:05.455Z", "symbol": "ETHUSDT", "price": 3374.56, "qty": 0.090873, "side": "buy", "trade_id": "ETHUSDT-1000556"}
{"event_ts": "2026-06-27T10:41:52.420Z", "symbol": "ETHUSDT", "price": 3372.66, "qty": 0.170611, "side": "buy", "trade_id": "ETHUSDT-1000557"}
{"event_ts": "2026-06-27T10:41:57.373Z", "symbol": "ETHUSDT", "price": 3373.57, "qty": 0.129112, "side": "sell", "trade_id": "ETHUSDT-1000558"}
{"event_ts": "2026-06-27T10:41:08.136Z", "symbol": "ETHUSDT", "price": 3372.48, "qty": 0.26679, "side": "sell", "trade_id": "ETHUSDT-1000559"}
{"event_ts": "2026-06-27T10:41:48.758Z", "symbol": "ETHUSDT", "price": 3372.57, "qty": 0.034181, "side": "buy", "trade_id": "ETHUSDT-1000560"}
{"event_ts": "2026-06-27T10:41:21.495Z", "symbol": "ETHUSDT", "price": 3371.6, "qty": 0.083389, "side": "sell", "trade_id": "ETHUSDT-1000561"}
{"event_ts": "2026-06-27T10:41:46.756Z", "symbol": "ETHUSDT", "price": 3371.5, "qty": 0.272156, "side": "buy", "trade_id": "ETHUSDT-1000562"}
{"event_ts": "2026-06-27T10:41:19.476Z", "symbol": "ETHUSDT", "price": 3371.28, "qty": 0.33492, "side": "buy", "trade_id": "ETHUSDT-1000563"}
{"event_ts": "2026-06-27T10:41:32.093Z", "symbol": "ETHUSDT", "price": 3371.44, "qty": 0.29034, "side": "buy", "trade_id": "ETHUSDT-1000564"}
{"event_ts": "2026-06-27T10:41:36.313Z", "symbol": "ETHUSDT", "price": 3371.17, "qty": 0.253746, "side": "sell", "trade_id": "ETHUSDT-1000565"}
{"event_ts": "2026-06-27T10:41:53.209Z", "symbol": "ETHUSDT", "price": 3369.29, "qty": 0.35095, "side": "sell", "trade_id": "ETHUSDT-1000566"}
{"event_ts": "2026-06-27T10:41:53.052Z", "symbol": "ETHUSDT", "price": 3370.26, "qty": 0.020678, "side": "sell", "trade_id": "ETHUSDT-1000567"}
{"event_ts": "2026-06-27T10:41:57.193Z", "symbol": "ETHUSDT", "price": 3371.75, "qty": 0.325761, "side": "buy", "trade_id": "ETHUSDT-1000568"}
{"event_ts": "2026-06-27T10:41:06.817Z", "symbol": "ETHUSDT", "price": 3372.47, "qty": 0.202865, "side": "buy", "trade_id": "ETHUSDT-1000569"}
{"event_ts": "2026-06-27T10:41:21.580Z", "symbol": "ETHUSDT", "price": 3371.12, "qty": 0.444011, "side": "sell", "trade_id": "ETHUSDT-1000570"}
{"event_ts": "2026-06-27T10:41:20.203Z", "symbol": "ETHUSDT", "price": 3370.89, "qty": 0.06897, "side": "buy", "trade_id": "ETHUSDT-1000571"}
{"event_ts": "2026-06-27T10:41:45.146Z", "symbol": "ETHUSDT", "price": 3369.13, "qty": 0.427186, "side": "buy", "trade_id": "ETHUSDT-1000572"}
{"event_ts": "2026-06-27T10:41:05.361Z", "symbol": "ETHUSDT", "price": 3367.59, "qty": 0.288999, "side": "buy", "trade_id": "ETHUSDT-1000573"}
{"event_ts": "2026-06-27T10:41:28.071Z", "symbol": "SOLUSDT", "price": 143.35, "qty": 6.36034, "side": "buy", "trade_id": "SOLUSDT-1000560"}
{"event_ts": "2026-06-27T10:41:33.033Z", "symbol": "SOLUSDT", "price": 143.24, "qty": 16.358078, "side": "sell", "trade_id": "SOLUSDT-1000561"}
{"event_ts": "2026-06-27T10:41:40.227Z", "symbol": "SOLUSDT", "price": 143.38, "qty": 34.256504, "side": "sell", "trade_id": "SOLUSDT-1000562"}
{"event_ts": "2026-06-27T10:41:15.195Z", "symbol": "SOLUSDT", "price": 143.33, "qty": 1.932805, "side": "sell", "trade_id": "SOLUSDT-1000563"}
{"event_ts": "2026-06-27T10:41:21.536Z", "symbol": "SOLUSDT", "price": 143.2, "qty": 3.635968, "side": "sell", "trade_id": "SOLUSDT-1000564"}
{"event_ts": "2026-06-27T10:41:00.591Z", "symbol": "SOLUSDT", "price": 143.21, "qty": 21.333493, "side": "sell", "trade_id": "SOLUSDT-1000565"}
{"event_ts": "2026-06-27T10:41:34.097Z", "symbol": "SOLUSDT", "price": 143.11, "qty": 8.094489, "side": "sell", "trade_id": "SOLUSDT-1000566"}
{"event_ts": "2026-06-27T10:41:10.664Z", "symbol": "SOLUSDT", "price": 143.14, "qty": 10.252181, "side": "buy", "trade_id": "SOLUSDT-1000567"}
{"event_ts": "2026-06-27T10:41:33.530Z", "symbol": "SOLUSDT", "price": 143.06, "qty": 18.202938, "side": "buy", "trade_id": "SOLUSDT-1000568"}
{"event_ts": "2026-06-27T10:41:51.721Z", "symbol": "SOLUSDT", "price": 143.2, "qty": 18.971385, "side": "sell", "trade_id": "SOLUSDT-1000569"}
{"event_ts": "2026-06-27T10:41:29.382Z", "symbol": "SOLUSDT", "price": 143.34, "qty": 10.71462, "side": "sell", "trade_id": "SOLUSDT-1000570"}
{"event_ts": "2026-06-27T10:41:41.070Z", "symbol": "SOLUSDT", "price": 143.34, "qty": 13.657547, "side": "sell", "trade_id": "SOLUSDT-1000571"}
{"event_ts": "2026-06-27T10:41:45.694Z", "symbol": "SOLUSDT", "price": 143.4, "qty": 14.304295, "side": "buy", "trade_id": "SOLUSDT-1000572"}
{"event_ts": "2026-06-27T10:41:47.276Z", "symbol": "SOLUSDT", "price": 143.29, "qty": 22.944514, "side": "buy", "trade_id": "SOLUSDT-1000573"}
{"event_ts": "2026-06-27T10:41:22.397Z", "symbol": "SOLUSDT", "price": 143.42, "qty": 14.089157, "side": "sell", "trade_id": "SOLUSDT-1000574"}
{"event_ts": "2026-06-27T10:41:06.739Z", "symbol": "SOLUSDT", "price": 143.27, "qty": 27.347161, "side": "buy", "trade_id": "SOLUSDT-1000575"}
{"event_ts": "2026-06-27T10:41:39.965Z", "symbol": "SOLUSDT", "price": 143.29, "qty": 17.105744, "side": "sell", "trade_id": "SOLUSDT-1000576"}
{"event_ts": "2026-06-27T10:41:31.333Z", "symbol": "SOLUSDT", "price": 143.29, "qty": 35.047248, "side": "sell", "trade_id": "SOLUSDT-1000577"}
{"event_ts": "2026-06-27T10:41:54.474Z", "symbol": "SOLUSDT", "price": 143.14, "qty": 31.071001, "side": "sell", "trade_id": "SOLUSDT-1000578"}
{"event_ts": "2026-06-27T10:41:24.580Z", "symbol": "SOLUSDT", "price": 143.06, "qty": 12.550898, "side": "sell", "trade_id": "SOLUSDT-1000579"}
