{"event_ts": "2026-06-27T10:39:33.222Z", "symbol": "BTCUSDT", "price": 60928.41, "qty": 0.00853, "side": "buy", "trade_id": "BTCUSDT-1000546"}
{"event_ts": "2026-06-27T10:39:32.352Z", "symbol": "BTCUSDT", "price": 60911.76, "qty": 0.041914, "side": "sell", "trade_id": "BTCUSDT-1000547"}
{"event_ts": "2026-06-27T10:39:10.031Z", "symbol": "BTCUSDT", "price": 60899.18, "qty": 0.023283, "side": "buy", "trade_id": "BTCUSDT-1000548"}
{"event_ts": "2026-06-27T10:39:35.708Z", "symbol": "BTCUSDT", "price": 60874.82, "qty": 0.044749, "side": "sell", "trade_id": "BTCUSDT-1000549"}
{"event_ts": "2026-06-27T10:39:09.651Z", "symbol": "BTCUSDT", "price": 60866.6, "qty": 0.025058, "side": "sell", "trade_id": "BTCUSDT-1000550"}
{"event_ts": "2026-06-27T10:39:15.389Z", "symbol": "BTCUSDT", "price": 60875.86, "qty": 0.049661, "side": "buy", "trade_id": "BTCUSDT-1000551"}
{"event_ts": "2026-06-27T10:39:36.199Z", "symbol": "BTCUSDT", "price": 60858.18, "qty": 0.033614, "side": "buy", "trade_id": "BTCUSDT-1000552"}
{"event_ts": "2026-06-27T10:39:31.741Z", "symbol": "BTCUSDT", "price": 60847.18, "qty": 0.010476, "side": "sell", "trade_id": "BTCUSDT-1000553"}
{"event_ts": "2026-06-27T10:39:44.746Z", "symbol": "ETHUSDT", "price": 3364.2, "qty": 0.013594, "side": "sell", "trade_id": "ETHUSDT-1000523"}
{"event_ts": "2026-06-27T10:39:28.064Z", "symbol": "ETHUSDT", "price": 3363.91, "qty": 0.0442, "side": "buy", "trade_id": "ETHUSDT-1000524"}
{"event_ts": "2026-06-27T10:39:19.348Z", "symbol": "ETHUSDT", "price": 3365.52, "qty": 0.233082, "side": "sell", "trade_id": "ETHUSDT-1000525"}
{"event_ts": "2026-06-27T10:39:24.513Z", "symbol": "ETHUSDT", "price": 3365.84, "qty": 0.327331, "side": "buy", "trade_id": "ETHUSDT-1000526"}
{"event_ts": "2026-06-27T10:39:29.191Z", "symbol": "ETHUSDT", "price": 3365.26, "qty": 0.312799, "side": "sell", "trade_id": "ETHUSDT-1000527"}
{"event_ts": "2026-06-27T10:39:32.877Z", "symbol": "ETHUSDT", "price": 3364.45, "qty": 0.033991, "side": "sell", "trade_id": "ETHUSDT-1000528"}
{"event_ts": "2026-06-27T10:39:24.957Z", "symbol": "ETHUSDT", "price": 3365.09, "qty": 0.097407, "side": "buy", "trade_id": "ETHUSDT-1000529"}
{"event_ts": "2026-06-27T10:39:03.192Z", "symbol": "ETHUSDT", "price": 3364.93, "qty": 0.162988, "side": "buy", "trade_id": "ETHUSDT-1000530"}
{"event_ts": "2026-06-27T10:39:18.181Z", "symbol": "ETHUSDT", "price": 3364.6, "qty": 0.020153, "side": "sell", "trade_id": "ETHUSDT-1000531"}
{"event_ts": "2026-06-27T10:39:24.489Z", "symbol": "ETHUSDT", "price": 3363.91, "qty": 0.107308, "side": "sell", "trade_id": "ETHUSDT-1000532"}
{"event_ts": "2026-06-27T10:39:43.675Z", "symbol": "ETHUSDT", "price": 3365.21, "qty": 0.161668, "side": "buy", "trade_id": "ETHUSDT-1000533"}
{"event_ts": "2026-06-27T10:39:22.131Z", "symbol": "ETHUSDT", "price": 3365.72, "qty": 0.256383, "side": "sell", "trade_id": "ETHUSDT-1000534"}
{"event_ts": "2026-06-27T10:39:19.973Z", "symbol": "ETHUSDT", "price": 3366.79, "qty": 0.329758, "side": "buy", "trade_id": "ETHUSDT-1000535"}
{"event_ts": "2026-06-27T10:39:44.532Z", "symbol": "ETHUSDT", "price": 3368.5, "qty": 0.166163, "side": "sell", "trade_id": "ETHUSDT-1000536"}
{"event_ts": "2026-06-27T10:39:28.953Z", "symbol": "ETHUSDT", "price": 3367.8, "qty": 0.467643, "side": "sell", "trade_id": "ETHUSDT-1000537"}
{"event_ts": "2026-06-27T10:39:07.253Z", "symbol": "ETHUSDT", "price": 3369.74, "qty": 0.211174, "side": "buy", "trade_id": "ETHUSDT-1000538"}
{"event_ts": "2026-06-27T10:39:51.939Z", "symbol": "ETHUSDT", "price": 3370.12, "qty": 0.319418, "side": "buy", "trade_id": "ETHUSDT-1000539"}
{"event_ts": "2026-06-27T10:39:59.767Z", "symbol": "SOLUSDT", "price": 143.54, "qty": 30.526594, "side": "buy", "trade_id": "SOLUSDT-1000539"}
{"event_ts": "2026-06-27T10:39:26.081Z", "symbol": "SOLUSDT", "price": 143.54, "qty": 4.00689, "side": "buy", "trade_id": "SOLUSDT-1000540"}
{"event_ts": "2026-06-27T10:39:45.464Z", "symbol": "SOLUSDT", "price": 143.62, "qty": 35.497339, "side": "sell", "trade_id": "SOLUSDT-1000541"}
{"event_ts": "2026-06-27T10:39:16.238Z", "symbol": "SOLUSDT", "price": 143.62, "qty": 26.92763, "side": "buy", "trade_id": "SOLUSDT-1000542"}
{"event_ts": "2026-06-27T10:39:26.936Z", "symbol": "SOLUSDT", "price": 143.61, "qty": 18.101097, "side": "sell", "trade_id": "SOLUSDT-1000543"}
{"event_ts": "2026-06-27T10:39:25.740Z", "symbol": "SOLUSDT", "price": 143.53, "qty": 28.231679, "side": "buy", "trade_id": "SOLUSDT-1000544"}
{"event_ts": "2026-06-27T10:39:01.790Z", "symbol": "SOLUSDT", "price": 143.67, "qty": 3.157054, "side": "buy", "trade_id": "SOLUSDT-1000545"}
{"event_ts": "2026-06-27T10:39:22.955Z", "symbol": "SOLUSDT", "price": 143.57, "qty": 17.444809, "side": "buy", "trade_id": "SOLUSDT-1000546"}
{"event_ts": "2026-06-27T10:39:35.333Z", "symbol": "SOLUSDT", "price": 143.46, "qty": 29.660672, "side": "buy", "trade_id": "SOLUSDT-1000547"}
{"event_ts": "2026-06-27T10:39:00.810Z", "symbol": "SOLUSDT", "price": 143.54, "qty": 16.927324, "side": "sell", "trade_id": "SOLUSDT-1000548"}
{"event_ts": "2026-06-27T10:39:51.943Z", "symbol": "SOLUSDT", "price": 143.57, "qty": 29.748583, "side": "sell", "trade_id": "SOLUSDT-1000549"}
{"event_ts": "2026-06-27T10:39:51.667Z", "symbol": "SOLUSDT", "price": 143.5, "qty": 8.7371, "side": "buy", "trade_id": "SOLUSDT-1000550"}
{"event_ts": "2026-06-27T10:39:31.237Z", "symbol": "SOLUSDT", "price": 143.41, "qty": 39.49355, "side": "buy", "trade_id": "SOLUSDT-1000551"}
