{"event_ts": "2026-06-27T10:17:18.426Z", "symbol": "BTCUSDT", "price": 60866.28, "qty": 0.010384, "side": "buy", "trade_id": "BTCUSDT-1000248"}
{"event_ts": "2026-06-27T10:17:26.408Z", "symbol": "BTCUSDT", "price": 60881.52, "qty": 0.012933, "side": "buy", "trade_id": "BTCUSDT-1000249"}
{"event_ts": "2026-06-27T10:17:26.387Z", "symbol": "BTCUSDT", "price": 60882.39, "qty": 0.021177, "side": "sell", "trade_id": "BTCUSDT-1000250"}
{"event_ts": "2026-06-27T10:17:40.346Z", "symbol": "BTCUSDT", "price": 60874.96, "qty": 0.040601, "side": "buy", "trade_id": "BTCUSDT-1000251"}
{"event_ts": "2026-06-27T10:17:39.745Z", "symbol": "BTCUSDT", "price": 60858.17, "qty": 0.009156, "side": "sell", "trade_id": "BTCUSDT-1000252"}
{"event_ts": "2026-06-27T10:17:25.106Z", "symbol": "BTCUSDT", "price": 60881.13, "qty": 0.030799, "side": "buy", "trade_id": "BTCUSDT-1000253"}
{"event_ts": "2026-06-27T10:17:10.372Z", "symbol": "BTCUSDT", "price": 60892.6, "qty": 0.033077, "side": "sell", "trade_id": "BTCUSDT-1000254"}
{"event_ts": "2026-06-27T10:17:33.725Z", "symbol": "BTCUSDT", "price": 60889.35, "qty": 0.006208, "side": "buy", "trade_id": "BTCUSDT-1000255"}
{"event_ts": "2026-06-27T10:17:16.876Z", "symbol": "BTCUSDT", "price": 60894.53, "qty": 0.041051, "side": "buy", "trade_id": "BTCUSDT-1000256"}
{"event_ts": "2026-06-27T10:17:41.575Z", "symbol": "BTCUSDT", "price": 60899.64, "qty": 0.009207, "side": "sell", "trade_id": "BTCUSDT-1000257"}
{"event_ts": "2026-06-27T10:17:10.279Z", "symbol": "BTCUSDT", "price": 60907.07, "qty": 0.043004, "side": "buy", "trade_id": "BTCUSDT-1000258"}
{"event_ts": "2026-06-27T10:17:24.307Z", "symbol": "BTCUSDT", "price": 60901.41, "qty": 0.011767, "side": "sell", "trade_id": "BTCUSDT-1000259"}
{"event_ts": "2026-06-27T10:17:25.799Z", "symbol": "BTCUSDT", "price": 60882.91, "qty": 0.015692, "side": "sell", "trade_id": "BTCUSDT-1000260"}
{"event_ts": "2026-06-27T10:17:57.845Z", "symbol": "BTCUSDT", "price": 60898.71, "qty": 0.049697, "side": "sell", "trade_id": "BTCUSDT-1000261"}
{"event_ts": "2026-06-27T10:17:52.925Z", "symbol": "BTCUSDT", "price": 60903.71, "qty": 0.036087, "side": "sell", "trade_id": "BTCUSDT-1000262"}
{"event_ts": "2026-06-27T10:17:18.841Z", "symbol": "BTCUSDT", "price": 60906.33, "qty": 0.011385, "side": "buy", "trade_id": "BTCUSDT-1000263"}
{"event_ts": "2026-06-27T10:17:14.973Z", "symbol": "BTCUSDT", "price": 60929.46, "qty": 0.009236, "side": "buy", "trade_id": "BTCUSDT-1000264"}
{"event_ts": "2026-06-27T10:17:28.451Z", "symbol": "BTCUSDT", "price": 60916.25, "qty": 0.038949, "side": "sell", "trade_id": "BTCUSDT-1000265"}
{"event_ts": "2026-06-27T10:17:22.403Z", "symbol": "ETHUSDT", "price": 3385.41, "qty": 0.340569, "side": "buy", "trade_id": "ETHUSDT-1000214"}
{"event_ts": "2026-06-27T10:17:56.113Z", "symbol": "ETHUSDT", "price": 3385.46, "qty": 0.212924, "side": "buy", "trade_id": "ETHUSDT-1000215"}
{"event_ts": "2026-06-27T10:17:14.496Z", "symbol": "ETHUSDT", "price": 3383.73, "qty": 0.02922, "side": "buy", "trade_id": "ETHUSDT-1000216"}
{"event_ts": "2026-06-27T10:17:50.872Z", "symbol": "ETHUSDT", "price": 3381.99, "qty": 0.266293, "side": "sell", "trade_id": "ETHUSDT-1000217"}
{"event_ts": "2026-06-27T10:17:01.952Z", "symbol": "ETHUSDT", "price": 3380.8, "qty": 0.141326, "side": "sell", "trade_id": "ETHUSDT-1000218"}
{"event_ts": "2026-06-27T10:17:36.431Z", "symbol": "ETHUSDT", "price": 3380.29, "qty": 0.373914, "side": "buy", "trade_id": "ETHUSDT-1000219"}
{"event_ts": "2026-06-27T10:17:27.608Z", "symbol": "ETHUSDT", "price": 3381.97, "qty": 0.183325, "side": "buy", "trade_id": "ETHUSDT-1000220"}
{"event_ts": "2026-06-27T10:17:58.183Z", "symbol": "ETHUSDT", "price": 3382.97, "qty": 0.425205, "side": "sell", "trade_id": "ETHUSDT-1000221"}
{"event_ts": "2026-06-27T10:17:46.440Z", "symbol": "ETHUSDT", "price": 3381.02, "qty": 0.047245, "side": "sell", "trade_id": "ETHUSDT-1000222"}
{"event_ts": "2026-06-27T10:17:58.773Z", "symbol": "ETHUSDT", "price": 3380.46, "qty": 0.12058, "side": "buy", "trade_id": "ETHUSDT-1000223"}
{"event_ts": "2026-06-27T10:17:34.375Z", "symbol": "SOLUSDT", "price": 143.16, "qty": 14.944524, "side": "sell", "trade_id": "SOLUSDT-1000228"}
{"event_ts": "2026-06-27T10:17:20.737Z", "symbol": "SOLUSDT", "price": 143.28, "qty": 15.691659, "side": "sell", "trade_id": "SOLUSDT-1000229"}
{"event_ts": "2026-06-27T10:17:09.524Z", "symbol": "SOLUSDT", "price": 143.32, "qty": 34.733489, "side": "sell", "trade_id": "SOLUSDT-1000230"}
{"event_ts": "2026-06-27T10:17:07.900Z", "symbol": "SOLUSDT", "price": 143.35, "qty": 12.188411, "side": "buy", "trade_id": "SOLUSDT-1000231"}
{"event_ts": "2026-06-27T10:17:10.755Z", "symbol": "SOLUSDT", "price": 143.25, "qty": 38.004114, "side": "buy", "trade_id": "SOLUSDT-1000232"}
{"event_ts": "2026-06-27T10:17:15.560Z", "symbol": "SOLUSDT", "price": 143.36, "qty": 31.133347, "side": "buy", "trade_id": "SOLUSDT-1000233"}
{"event_ts": "2026-06-27T10:17:31.146Z", "symbol": "SOLUSDT", "price": 143.27, "qty": 1.867278, "side": "sell", "trade_id": "SOLUSDT-1000234"}
{"event_ts": "2026-06-27T10:17:20.499Z", "symbol": "SOLUSDT", "price": 143.36, "qty": 27.370069, "side": "buy", "trade_id": "SOLUSDT-1000235"}
{"event_ts": "2026-06-27T10:17:56.689Z", "symbol": "SOLUSDT", "price": 143.38, "qty": 7.300983, "side": "buy", "trade_id": "SOLUSDT-1000236"}
{"event_ts": "2026-06-27T10:17:48.461Z", "symbol": "SOLUSDT", "price": 143.39, "qty": 21.318486, "side": "buy", "trade_id": "SOLUSDT-1000237"}
{"event_ts": "2026-06-27T10:17:16.969Z", "symbol": "SOLUSDT", "price": 143.38, "qty": 31.037677, "side": "sell", "trade_id": "SOLUSDT-1000238"}
{"event_ts": "2026-06-27T10:17:40.417Z", "symbol": "SOLUSDT", "price": 143.33, "qty": 8.797204, "side": "buy", "trade_id": "SOLUSDT-1000239"}
{"event_ts": "2026-06-27T10:17:06.178Z", "symbol": "SOLUSDT", "price": 143.4, "qty": 23.302937, "side": "buy", "trade_id": "SOLUSDT-1000240"}
{"event_ts": "2026-06-27T10:17:59.969Z", "symbol": "SOLUSDT", "price": 143.33, "qty": 13.250131, "side": "buy", "trade_id": "SOLUSDT-1000241"}
{"event_ts": "2026-06-27T10:17:00.274Z", "symbol": "SOLUSDT", "price": 143.41, "qty": 39.037667, "side": "buy", "trade_id": "SOLUSDT-1000242"}
{"event_ts": "2026-06-27T10:17:14.035Z", "symbol": "SOLUSDT", "price": 143.29, "qty": 29.354536, "side": "buy", "trade_id": "SOLUSDT-1000243"}
{"event_ts": "2026-06-27T10:17:32.163Z", "symbol": "SOLUSDT", "price": 143.29, "qty": 28.268098, "side": "sell", "trade_id": "SOLUSDT-1000244"}
