{"event_ts": "2026-06-27T10:09:53.252Z", "symbol": "BTCUSDT", "price": 60958.15, "qty": 0.002914, "side": "sell", "trade_id": "BTCUSDT-1000140"}
{"event_ts": "2026-06-27T10:09:47.160Z", "symbol": "BTCUSDT", "price": 60959.83, "qty": 0.006639, "side": "sell", "trade_id": "BTCUSDT-1000141"}
{"event_ts": "2026-06-27T10:09:03.670Z", "symbol": "BTCUSDT", "price": 60968.65, "qty": 0.012376, "side": "buy", "trade_id": "BTCUSDT-1000142"}
{"event_ts": "2026-06-27T10:09:19.559Z", "symbol": "BTCUSDT", "price": 60969.87, "qty": 0.045682, "side": "sell", "trade_id": "BTCUSDT-1000143"}
{"event_ts": "2026-06-27T10:09:38.089Z", "symbol": "BTCUSDT", "price": 60984.96, "qty": 0.017425, "side": "buy", "trade_id": "BTCUSDT-1000144"}
{"event_ts": "2026-06-27T10:09:55.373Z", "symbol": "BTCUSDT", "price": 60995.63, "qty": 0.043199, "side": "sell", "trade_id": "BTCUSDT-1000145"}
{"event_ts": "2026-06-27T10:09:56.354Z", "symbol": "BTCUSDT", "price": 61007.27, "qty": 0.041375, "side": "buy", "trade_id": "BTCUSDT-1000146"}
{"event_ts": "2026-06-27T10:09:08.422Z", "symbol": "BTCUSDT", "price": 61023.34, "qty": 0.014362, "side": "buy", "trade_id": "BTCUSDT-1000147"}
{"event_ts": "2026-06-27T10:09:33.750Z", "symbol": "BTCUSDT", "price": 61035.86, "qty": 0.039198, "side": "sell", "trade_id": "BTCUSDT-1000148"}
{"event_ts": "2026-06-27T10:09:14.407Z", "symbol": "BTCUSDT", "price": 61025.36, "qty": 0.023501, "side": "sell", "trade_id": "BTCUSDT-1000149"}
{"event_ts": "2026-06-27T10:09:39.712Z", "symbol": "BTCUSDT", "price": 61038.21, "qty": 0.028611, "side": "buy", "trade_id": "BTCUSDT-1000150"}
{"event_ts": "2026-06-27T10:09:47.047Z", "symbol": "BTCUSDT", "price": 61015.98, "qty": 0.017905, "side": "sell", "trade_id": "BTCUSDT-1000151"}
{"event_ts": "2026-06-27T10:09:09.648Z", "symbol": "ETHUSDT", "price": 3398.86, "qty": 0.19526, "side": "sell", "trade_id": "ETHUSDT-1000129"}
{"event_ts": "2026-06-27T10:09:05.110Z", "symbol": "ETHUSDT", "price": 3396.98, "qty": 0.346768, "side": "sell", "trade_id": "ETHUSDT-1000130"}
{"event_ts": "2026-06-27T10:09:12.816Z", "symbol": "ETHUSDT", "price": 3398.62, "qty": 0.23963, "side": "buy", "trade_id": "ETHUSDT-1000131"}
{"event_ts": "2026-06-27T10:09:11.971Z", "symbol": "ETHUSDT", "price": 3397.84, "qty": 0.160912, "side": "sell", "trade_id": "ETHUSDT-1000132"}
{"event_ts": "2026-06-27T10:09:12.828Z", "symbol": "ETHUSDT", "price": 3396.05, "qty": 0.100122, "side": "buy", "trade_id": "ETHUSDT-1000133"}
{"event_ts": "2026-06-27T10:09:36.502Z", "symbol": "ETHUSDT", "price": 3395.71, "qty": 0.242761, "side": "sell", "trade_id": "ETHUSDT-1000134"}
{"event_ts": "2026-06-27T10:09:03.795Z", "symbol": "ETHUSDT", "price": 3396.89, "qty": 0.313633, "side": "buy", "trade_id": "ETHUSDT-1000135"}
{"event_ts": "2026-06-27T10:09:24.730Z", "symbol": "ETHUSDT", "price": 3396.26, "qty": 0.225986, "side": "buy", "trade_id": "ETHUSDT-1000136"}
{"event_ts": "2026-06-27T10:09:44.287Z", "symbol": "SOLUSDT", "price": 144.43, "qty": 14.082123, "side": "buy", "trade_id": "SOLUSDT-1000125"}
{"event_ts": "2026-06-27T10:09:21.826Z", "symbol": "SOLUSDT", "price": 144.33, "qty": 29.939697, "side": "sell", "trade_id": "SOLUSDT-1000126"}
{"event_ts": "2026-06-27T10:09:49.394Z", "symbol": "SOLUSDT", "price": 144.38, "qty": 5.300075, "side": "buy", "trade_id": "SOLUSDT-1000127"}
{"event_ts": "2026-06-27T10:09:09.782Z", "symbol": "SOLUSDT", "price": 144.3, "qty": 5.819967, "side": "buy", "trade_id": "SOLUSDT-1000128"}
{"event_ts": "2026-06-27T10:09:12.670Z", "symbol": "SOLUSDT", "price": 144.35, "qty": 22.911757, "side": "buy", "trade_id": "SOLUSDT-1000129"}
{"event_ts": "2026-06-27T10:09:19.381Z", "symbol": "SOLUSDT", "price": 144.27, "qty": 17.77585, "side": "buy", "trade_id": "SOLUSDT-1000130"}
{"event_ts": "2026-06-27T10:09:32.864Z", "symbol": "SOLUSDT", "price": 144.36, "qty": 16.1031, "side": "buy", "trade_id": "SOLUSDT-1000131"}
{"event_ts": "2026-06-27T10:09:58.102Z", "symbol": "SOLUSDT", "price": 144.39, "qty": 8.141579, "side": "buy", "trade_id": "SOLUSDT-1000132"}
{"event_ts": "2026-06-27T10:09:27.431Z", "symbol": "SOLUSDT", "price": 144.3, "qty": 6.742506, "side": "buy", "trade_id": "SOLUSDT-1000133"}
{"event_ts": "2026-06-27T10:09:57.801Z", "symbol": "SOLUSDT", "price": 144.22, "qty": 19.782135, "side": "sell", "trade_id": "SOLUSDT-1000134"}
{"event_ts": "2026-06-27T10:09:14.678Z", "symbol": "SOLUSDT", "price": 144.3, "qty": 4.490205, "side": "sell", "trade_id": "SOLUSDT-1000135"}
{"event_ts": "2026-06-27T10:09:12.908Z", "symbol": "SOLUSDT", "price": 144.45, "qty": 34.947003, "side": "sell", "trade_id": "SOLUSDT-1000136"}
