{"event_ts": "2026-06-27T10:57:01.182Z", "symbol": "BTCUSDT", "price": 60752.95, "qty": 0.010767, "side": "sell", "trade_id": "BTCUSDT-1000781"}
{"event_ts": "2026-06-27T10:57:26.769Z", "symbol": "BTCUSDT", "price": 60750.24, "qty": 0.044761, "side": "sell", "trade_id": "BTCUSDT-1000782"}
{"event_ts": "2026-06-27T10:57:00.715Z", "symbol": "BTCUSDT", "price": 60756.54, "qty": 0.028098, "side": "buy", "trade_id": "BTCUSDT-1000783"}
{"event_ts": "2026-06-27T10:57:04.457Z", "symbol": "BTCUSDT", "price": 60773.46, "qty": 0.049864, "side": "sell", "trade_id": "BTCUSDT-1000784"}
{"event_ts": "2026-06-27T10:57:55.111Z", "symbol": "BTCUSDT", "price": 60775.55, "qty": 0.001781, "side": "sell", "trade_id": "BTCUSDT-1000785"}
{"event_ts": "2026-06-27T10:57:44.822Z", "symbol": "BTCUSDT", "price": 60759.94, "qty": 0.030471, "side": "buy", "trade_id": "BTCUSDT-1000786"}
{"event_ts": "2026-06-27T10:57:34.192Z", "symbol": "BTCUSDT", "price": 60742.63, "qty": 0.014187, "side": "buy", "trade_id": "BTCUSDT-1000787"}
{"event_ts": "2026-06-27T10:57:22.419Z", "symbol": "BTCUSDT", "price": 60753.98, "qty": 0.03409, "side": "buy", "trade_id": "BTCUSDT-1000788"}
{"event_ts": "2026-06-27T10:57:51.320Z", "symbol": "BTCUSDT", "price": 60743.46, "qty": 0.003624, "side": "buy", "trade_id": "BTCUSDT-1000789"}
{"event_ts": "2026-06-27T10:57:06.855Z", "symbol": "BTCUSDT", "price": 60765.11, "qty": 0.009367, "side": "sell", "trade_id": "BTCUSDT-1000790"}
{"event_ts": "2026-06-27T10:57:47.427Z", "symbol": "BTCUSDT", "price": 60743.42, "qty": 0.013011, "side": "buy", "trade_id": "BTCUSDT-1000791"}
{"event_ts": "2026-06-27T10:57:54.575Z", "symbol": "BTCUSDT", "price": 60760.01, "qty": 0.041007, "side": "sell", "trade_id": "BTCUSDT-1000792"}
{"event_ts": "2026-06-27T10:57:18.655Z", "symbol": "BTCUSDT", "price": 60781.72, "qty": 0.03908, "side": "sell", "trade_id": "BTCUSDT-1000793"}
{"event_ts": "2026-06-27T10:57:24.222Z", "symbol": "BTCUSDT", "price": 60774.9, "qty": 0.035165, "side": "buy", "trade_id": "BTCUSDT-1000794"}
{"event_ts": "2026-06-27T10:57:18.699Z", "symbol": "BTCUSDT", "price": 60750.98, "qty": 0.046008, "side": "sell", "trade_id": "BTCUSDT-1000795"}
{"event_ts": "2026-06-27T10:57:13.851Z", "symbol": "ETHUSDT", "price": 3361.94, "qty": 0.452452, "side": "buy", "trade_id": "ETHUSDT-1000780"}
{"event_ts": "2026-06-27T10:57:02.212Z", "symbol": "ETHUSDT", "price": 3363.92, "qty": 0.47901, "side": "sell", "trade_id": "ETHUSDT-1000781"}
{"event_ts": "2026-06-27T10:57:03.579Z", "symbol": "ETHUSDT", "price": 3362.88, "qty": 0.434321, "side": "buy", "trade_id": "ETHUSDT-1000782"}
{"event_ts": "2026-06-27T10:57:50.176Z", "symbol": "ETHUSDT", "price": 3362.45, "qty": 0.349569, "side": "buy", "trade_id": "ETHUSDT-1000783"}
{"event_ts": "2026-06-27T10:57:00.352Z", "symbol": "ETHUSDT", "price": 3360.53, "qty": 0.403375, "side": "sell", "trade_id": "ETHUSDT-1000784"}
{"event_ts": "2026-06-27T10:57:39.684Z", "symbol": "ETHUSDT", "price": 3361.99, "qty": 0.166656, "side": "sell", "trade_id": "ETHUSDT-1000785"}
{"event_ts": "2026-06-27T10:57:39.857Z", "symbol": "ETHUSDT", "price": 3363.49, "qty": 0.238867, "side": "buy", "trade_id": "ETHUSDT-1000786"}
{"event_ts": "2026-06-27T10:57:14.074Z", "symbol": "ETHUSDT", "price": 3363.72, "qty": 0.168898, "side": "sell", "trade_id": "ETHUSDT-1000787"}
{"event_ts": "2026-06-27T10:57:10.059Z", "symbol": "ETHUSDT", "price": 3362.07, "qty": 0.146097, "side": "sell", "trade_id": "ETHUSDT-1000788"}
{"event_ts": "2026-06-27T10:57:43.386Z", "symbol": "ETHUSDT", "price": 3361.97, "qty": 0.080569, "side": "sell", "trade_id": "ETHUSDT-1000789"}
{"event_ts": "2026-06-27T10:57:39.064Z", "symbol": "ETHUSDT", "price": 3360.81, "qty": 0.061949, "side": "buy", "trade_id": "ETHUSDT-1000790"}
{"event_ts": "2026-06-27T10:57:15.499Z", "symbol": "SOLUSDT", "price": 144.74, "qty": 31.702164, "side": "sell", "trade_id": "SOLUSDT-1000796"}
{"event_ts": "2026-06-27T10:57:24.862Z", "symbol": "SOLUSDT", "price": 144.7, "qty": 17.42198, "side": "buy", "trade_id": "SOLUSDT-1000797"}
{"event_ts": "2026-06-27T10:57:17.993Z", "symbol": "SOLUSDT", "price": 144.68, "qty": 26.303488, "side": "sell", "trade_id": "SOLUSDT-1000798"}
{"event_ts": "2026-06-27T10:57:03.511Z", "symbol": "SOLUSDT", "price": 144.71, "qty": 16.364125, "side": "sell", "trade_id": "SOLUSDT-1000799"}
{"event_ts": "2026-06-27T10:57:44.191Z", "symbol": "SOLUSDT", "price": 144.79, "qty": 35.955597, "side": "sell", "trade_id": "SOLUSDT-1000800"}
{"event_ts": "2026-06-27T10:57:14.461Z", "symbol": "SOLUSDT", "price": 144.85, "qty": 5.2711, "side": "buy", "trade_id": "SOLUSDT-1000801"}
{"event_ts": "2026-06-27T10:57:50.347Z", "symbol": "SOLUSDT", "price": 144.74, "qty": 3.476481, "side": "sell", "trade_id": "SOLUSDT-1000802"}
{"event_ts": "2026-06-27T10:57:36.321Z", "symbol": "SOLUSDT", "price": 144.71, "qty": 24.83716, "side": "sell", "trade_id": "SOLUSDT-1000803"}
{"event_ts": "2026-06-27T10:57:49.039Z", "symbol": "SOLUSDT", "price": 144.77, "qty": 24.898518, "side": "buy", "trade_id": "SOLUSDT-1000804"}
{"event_ts": "2026-06-27T10:57:16.788Z", "symbol": "SOLUSDT", "price": 144.67, "qty": 16.715917, "side": "sell", "trade_id": "SOLUSDT-1000805"}
{"event_ts": "2026-06-27T10:57:43.480Z", "symbol": "SOLUSDT", "price": 144.56, "qty": 9.127483, "side": "sell", "trade_id": "SOLUSDT-1000806"}
{"event_ts": "2026-06-27T10:57:22.019Z", "symbol": "SOLUSDT", "price": 144.62, "qty": 23.044029, "side": "sell", "trade_id": "SOLUSDT-1000807"}
{"event_ts": "2026-06-27T10:57:06.135Z", "symbol": "SOLUSDT", "price": 144.62, "qty": 31.970488, "side": "sell", "trade_id": "SOLUSDT-1000808"}
{"event_ts": "2026-06-27T10:57:11.370Z", "symbol": "SOLUSDT", "price": 144.62, "qty": 33.165928, "side": "sell", "trade_id": "SOLUSDT-1000809"}
{"event_ts": "2026-06-27T10:57:40.142Z", "symbol": "SOLUSDT", "price": 144.67, "qty": 2.154857, "side": "sell", "trade_id": "SOLUSDT-1000810"}
