{"event_ts": "2026-06-27T10:15:34.309Z", "symbol": "BTCUSDT", "price": 60934.44, "qty": 0.022052, "side": "sell", "trade_id": "BTCUSDT-1000217"}
{"event_ts": "2026-06-27T10:15:30.899Z", "symbol": "BTCUSDT", "price": 60925.88, "qty": 0.045493, "side": "sell", "trade_id": "BTCUSDT-1000218"}
{"event_ts": "2026-06-27T10:15:34.938Z", "symbol": "BTCUSDT", "price": 60926.27, "qty": 0.004547, "side": "sell", "trade_id": "BTCUSDT-1000219"}
{"event_ts": "2026-06-27T10:15:19.297Z", "symbol": "BTCUSDT", "price": 60914.98, "qty": 0.034254, "side": "buy", "trade_id": "BTCUSDT-1000220"}
{"event_ts": "2026-06-27T10:15:47.195Z", "symbol": "BTCUSDT", "price": 60904.16, "qty": 0.045928, "side": "sell", "trade_id": "BTCUSDT-1000221"}
{"event_ts": "2026-06-27T10:15:30.443Z", "symbol": "BTCUSDT", "price": 60908.21, "qty": 0.024191, "side": "sell", "trade_id": "BTCUSDT-1000222"}
{"event_ts": "2026-06-27T10:15:36.284Z", "symbol": "BTCUSDT", "price": 60917.69, "qty": 0.036625, "side": "sell", "trade_id": "BTCUSDT-1000223"}
{"event_ts": "2026-06-27T10:15:04.927Z", "symbol": "BTCUSDT", "price": 60917.97, "qty": 0.001404, "side": "buy", "trade_id": "BTCUSDT-1000224"}
{"event_ts": "2026-06-27T10:15:56.432Z", "symbol": "BTCUSDT", "price": 60895.46, "qty": 0.030888, "side": "buy", "trade_id": "BTCUSDT-1000225"}
{"event_ts": "2026-06-27T10:15:06.318Z", "symbol": "BTCUSDT", "price": 60912.45, "qty": 0.007536, "side": "buy", "trade_id": "BTCUSDT-1000226"}
{"event_ts": "2026-06-27T10:15:38.573Z", "symbol": "BTCUSDT", "price": 60909.32, "qty": 0.00999, "side": "buy", "trade_id": "BTCUSDT-1000227"}
{"event_ts": "2026-06-27T10:15:18.433Z", "symbol": "BTCUSDT", "price": 60887.28, "qty": 0.025015, "side": "buy", "trade_id": "BTCUSDT-1000228"}
{"event_ts": "2026-06-27T10:15:58.563Z", "symbol": "BTCUSDT", "price": 60888.3, "qty": 0.033841, "side": "sell", "trade_id": "BTCUSDT-1000229"}
{"event_ts": "2026-06-27T10:15:14.964Z", "symbol": "BTCUSDT", "price": 60904.11, "qty": 0.022582, "side": "buy", "trade_id": "BTCUSDT-1000230"}
{"event_ts": "2026-06-27T10:15:38.279Z", "symbol": "ETHUSDT", "price": 3396.25, "qty": 0.29045, "side": "buy", "trade_id": "ETHUSDT-1000183"}
{"event_ts": "2026-06-27T10:15:38.782Z", "symbol": "ETHUSDT", "price": 3395.39, "qty": 0.206936, "side": "sell", "trade_id": "ETHUSDT-1000184"}
{"event_ts": "2026-06-27T10:15:46.265Z", "symbol": "ETHUSDT", "price": 3395.24, "qty": 0.087783, "side": "buy", "trade_id": "ETHUSDT-1000185"}
{"event_ts": "2026-06-27T10:15:10.211Z", "symbol": "ETHUSDT", "price": 3395.45, "qty": 0.486294, "side": "sell", "trade_id": "ETHUSDT-1000186"}
{"event_ts": "2026-06-27T10:15:33.637Z", "symbol": "ETHUSDT", "price": 3396.61, "qty": 0.483823, "side": "sell", "trade_id": "ETHUSDT-1000187"}
{"event_ts": "2026-06-27T10:15:17.580Z", "symbol": "ETHUSDT", "price": 3395.64, "qty": 0.153347, "side": "sell", "trade_id": "ETHUSDT-1000188"}
{"event_ts": "2026-06-27T10:15:42.644Z", "symbol": "ETHUSDT", "price": 3397.56, "qty": 0.317822, "side": "buy", "trade_id": "ETHUSDT-1000189"}
{"event_ts": "2026-06-27T10:15:18.723Z", "symbol": "ETHUSDT", "price": 3398.07, "qty": 0.010732, "side": "buy", "trade_id": "ETHUSDT-1000190"}
{"event_ts": "2026-06-27T10:15:05.277Z", "symbol": "ETHUSDT", "price": 3399.06, "qty": 0.430788, "side": "sell", "trade_id": "ETHUSDT-1000191"}
{"event_ts": "2026-06-27T10:15:43.793Z", "symbol": "ETHUSDT", "price": 3397.34, "qty": 0.030921, "side": "sell", "trade_id": "ETHUSDT-1000192"}
{"event_ts": "2026-06-27T10:15:23.803Z", "symbol": "ETHUSDT", "price": 3396.4, "qty": 0.474211, "side": "buy", "trade_id": "ETHUSDT-1000193"}
{"event_ts": "2026-06-27T10:15:59.678Z", "symbol": "ETHUSDT", "price": 3394.55, "qty": 0.258049, "side": "sell", "trade_id": "ETHUSDT-1000194"}
{"event_ts": "2026-06-27T10:15:13.121Z", "symbol": "ETHUSDT", "price": 3394.9, "qty": 0.106427, "side": "buy", "trade_id": "ETHUSDT-1000195"}
{"event_ts": "2026-06-27T10:15:18.977Z", "symbol": "ETHUSDT", "price": 3396.88, "qty": 0.307157, "side": "sell", "trade_id": "ETHUSDT-1000196"}
{"event_ts": "2026-06-27T10:15:03.651Z", "symbol": "ETHUSDT", "price": 3395.64, "qty": 0.364806, "side": "buy", "trade_id": "ETHUSDT-1000197"}
{"event_ts": "2026-06-27T10:15:46.740Z", "symbol": "SOLUSDT", "price": 143.94, "qty": 35.564697, "side": "buy", "trade_id": "SOLUSDT-1000200"}
{"event_ts": "2026-06-27T10:15:21.803Z", "symbol": "SOLUSDT", "price": 143.84, "qty": 32.815314, "side": "buy", "trade_id": "SOLUSDT-1000201"}
{"event_ts": "2026-06-27T10:15:48.339Z", "symbol": "SOLUSDT", "price": 143.71, "qty": 24.222277, "side": "sell", "trade_id": "SOLUSDT-1000202"}
{"event_ts": "2026-06-27T10:15:27.732Z", "symbol": "SOLUSDT", "price": 143.57, "qty": 21.333823, "side": "buy", "trade_id": "SOLUSDT-1000203"}
{"event_ts": "2026-06-27T10:15:24.364Z", "symbol": "SOLUSDT", "price": 143.61, "qty": 8.062551, "side": "buy", "trade_id": "SOLUSDT-1000204"}
{"event_ts": "2026-06-27T10:15:09.817Z", "symbol": "SOLUSDT", "price": 143.6, "qty": 30.100332, "side": "sell", "trade_id": "SOLUSDT-1000205"}
{"event_ts": "2026-06-27T10:15:33.826Z", "symbol": "SOLUSDT", "price": 143.69, "qty": 12.902747, "side": "buy", "trade_id": "SOLUSDT-1000206"}
{"event_ts": "2026-06-27T10:15:34.584Z", "symbol": "SOLUSDT", "price": 143.64, "qty": 7.807197, "side": "sell", "trade_id": "SOLUSDT-1000207"}
{"event_ts": "2026-06-27T10:15:50.294Z", "symbol": "SOLUSDT", "price": 143.54, "qty": 34.142951, "side": "sell", "trade_id": "SOLUSDT-1000208"}
{"event_ts": "2026-06-27T10:15:19.350Z", "symbol": "SOLUSDT", "price": 143.41, "qty": 23.958821, "side": "sell", "trade_id": "SOLUSDT-1000209"}
{"event_ts": "2026-06-27T10:15:06.664Z", "symbol": "SOLUSDT", "price": 143.5, "qty": 1.224415, "side": "sell", "trade_id": "SOLUSDT-1000210"}
{"event_ts": "2026-06-27T10:15:57.428Z", "symbol": "SOLUSDT", "price": 143.5, "qty": 38.39759, "side": "buy", "trade_id": "SOLUSDT-1000211"}
{"event_ts": "2026-06-27T10:15:57.206Z", "symbol": "SOLUSDT", "price": 143.45, "qty": 27.183296, "side": "sell", "trade_id": "SOLUSDT-1000212"}
{"event_ts": "2026-06-27T10:15:08.497Z", "symbol": "SOLUSDT", "price": 143.53, "qty": 13.961686, "side": "buy", "trade_id": "SOLUSDT-1000213"}
{"event_ts": "2026-06-27T10:15:29.566Z", "symbol": "SOLUSDT", "price": 143.53, "qty": 10.936997, "side": "buy", "trade_id": "SOLUSDT-1000214"}
{"event_ts": "2026-06-27T10:15:18.452Z", "symbol": "SOLUSDT", "price": 143.54, "qty": 34.385219, "side": "buy", "trade_id": "SOLUSDT-1000215"}
{"event_ts": "2026-06-27T10:15:43.350Z", "symbol": "SOLUSDT", "price": 143.68, "qty": 34.652568, "side": "buy", "trade_id": "SOLUSDT-1000216"}
{"event_ts": "2026-06-27T10:15:06.903Z", "symbol": "SOLUSDT", "price": 143.63, "qty": 28.198766, "side": "buy", "trade_id": "SOLUSDT-1000217"}
{"event_ts": "2026-06-27T10:15:44.146Z", "symbol": "SOLUSDT", "price": 143.5, "qty": 17.530317, "side": "sell", "trade_id": "SOLUSDT-1000218"}
{"event_ts": "2026-06-27T10:15:58.712Z", "symbol": "SOLUSDT", "price": 143.48, "qty": 6.201146, "side": "sell", "trade_id": "SOLUSDT-1000219"}
{"event_ts": "2026-06-27T10:15:05.000Z", "symbol": "ETHUSDT", "price": 3399.0, "qty": 0.2, "side": "buy", "trade_id": null}
