{"event_ts": "2026-06-27T10:13:06.331Z", "symbol": "BTCUSDT", "price": 60926.33, "qty": 0.023724, "side": "sell", "trade_id": "BTCUSDT-1000192"}
{"event_ts": "2026-06-27T10:13:28.830Z", "symbol": "BTCUSDT", "price": 60948.33, "qty": 0.003277, "side": "buy", "trade_id": "BTCUSDT-1000193"}
{"event_ts": "2026-06-27T10:13:04.412Z", "symbol": "BTCUSDT", "price": 60937.2, "qty": 0.041853, "side": "sell", "trade_id": "BTCUSDT-1000194"}
{"event_ts": "2026-06-27T10:13:29.894Z", "symbol": "BTCUSDT", "price": 60916.43, "qty": 0.039034, "side": "buy", "trade_id": "BTCUSDT-1000195"}
{"event_ts": "2026-06-27T10:13:20.016Z", "symbol": "BTCUSDT", "price": 60891.92, "qty": 0.012226, "side": "buy", "trade_id": "BTCUSDT-1000196"}
{"event_ts": "2026-06-27T10:13:19.164Z", "symbol": "BTCUSDT", "price": 60895.31, "qty": 0.047678, "side": "sell", "trade_id": "BTCUSDT-1000197"}
{"event_ts": "2026-06-27T10:13:22.671Z", "symbol": "BTCUSDT", "price": 60918.06, "qty": 0.018014, "side": "buy", "trade_id": "BTCUSDT-1000198"}
{"event_ts": "2026-06-27T10:13:22.256Z", "symbol": "BTCUSDT", "price": 60911.73, "qty": 0.045071, "side": "buy", "trade_id": "BTCUSDT-1000199"}
{"event_ts": "2026-06-27T10:13:51.561Z", "symbol": "BTCUSDT", "price": 60919.5, "qty": 0.023132, "side": "sell", "trade_id": "BTCUSDT-1000200"}
{"event_ts": "2026-06-27T10:13:24.731Z", "symbol": "BTCUSDT", "price": 60906.4, "qty": 0.029775, "side": "buy", "trade_id": "BTCUSDT-1000201"}
{"event_ts": "2026-06-27T10:13:09.620Z", "symbol": "BTCUSDT", "price": 60931.37, "qty": 0.047599, "side": "sell", "trade_id": "BTCUSDT-1000202"}
{"event_ts": "2026-06-27T10:13:18.764Z", "symbol": "BTCUSDT", "price": 60954.23, "qty": 0.019778, "side": "buy", "trade_id": "BTCUSDT-1000203"}
{"event_ts": "2026-06-27T10:13:51.206Z", "symbol": "BTCUSDT", "price": 60972.14, "qty": 0.026393, "side": "buy", "trade_id": "BTCUSDT-1000204"}
{"event_ts": "2026-06-27T10:13:57.584Z", "symbol": "BTCUSDT", "price": 60957.45, "qty": 0.032729, "side": "sell", "trade_id": "BTCUSDT-1000205"}
{"event_ts": "2026-06-27T10:13:29.878Z", "symbol": "ETHUSDT", "price": 3396.08, "qty": 0.111261, "side": "sell", "trade_id": "ETHUSDT-1000166"}
{"event_ts": "2026-06-27T10:13:17.466Z", "symbol": "ETHUSDT", "price": 3394.26, "qty": 0.458851, "side": "sell", "trade_id": "ETHUSDT-1000167"}
{"event_ts": "2026-06-27T10:13:06.747Z", "symbol": "ETHUSDT", "price": 3393.51, "qty": 0.048531, "side": "buy", "trade_id": "ETHUSDT-1000168"}
{"event_ts": "2026-06-27T10:13:21.232Z", "symbol": "ETHUSDT", "price": 3395.45, "qty": 0.066406, "side": "buy", "trade_id": "ETHUSDT-1000169"}
{"event_ts": "2026-06-27T10:13:10.248Z", "symbol": "ETHUSDT", "price": 3395.55, "qty": 0.036286, "side": "sell", "trade_id": "ETHUSDT-1000170"}
{"event_ts": "2026-06-27T10:13:13.726Z", "symbol": "ETHUSDT", "price": 3394.54, "qty": 0.133747, "side": "sell", "trade_id": "ETHUSDT-1000171"}
{"event_ts": "2026-06-27T10:13:30.257Z", "symbol": "ETHUSDT", "price": 3395.1, "qty": 0.223835, "side": "sell", "trade_id": "ETHUSDT-1000172"}
{"event_ts": "2026-06-27T10:13:10.293Z", "symbol": "ETHUSDT", "price": 3393.48, "qty": 0.48591, "side": "sell", "trade_id": "ETHUSDT-1000173"}
{"event_ts": "2026-06-27T10:13:29.445Z", "symbol": "SOLUSDT", "price": 143.88, "qty": 34.29257, "side": "buy", "trade_id": "SOLUSDT-1000176"}
{"event_ts": "2026-06-27T10:13:16.200Z", "symbol": "SOLUSDT", "price": 143.98, "qty": 34.832878, "side": "sell", "trade_id": "SOLUSDT-1000177"}
{"event_ts": "2026-06-27T10:13:27.224Z", "symbol": "SOLUSDT", "price": 143.85, "qty": 9.891066, "side": "buy", "trade_id": "SOLUSDT-1000178"}
{"event_ts": "2026-06-27T10:13:30.464Z", "symbol": "SOLUSDT", "price": 143.92, "qty": 3.493075, "side": "buy", "trade_id": "SOLUSDT-1000179"}
{"event_ts": "2026-06-27T10:13:16.611Z", "symbol": "SOLUSDT", "price": 143.88, "qty": 38.334527, "side": "buy", "trade_id": "SOLUSDT-1000180"}
{"event_ts": "2026-06-27T10:13:10.091Z", "symbol": "SOLUSDT", "price": 143.94, "qty": 4.765639, "side": "sell", "trade_id": "SOLUSDT-1000181"}
{"event_ts": "2026-06-27T10:13:20.365Z", "symbol": "SOLUSDT", "price": 143.89, "qty": 15.937545, "side": "buy", "trade_id": "SOLUSDT-1000182"}
{"event_ts": "2026-06-27T10:13:43.442Z", "symbol": "SOLUSDT", "price": 143.98, "qty": 16.827506, "side": "buy", "trade_id": "SOLUSDT-1000183"}
{"event_ts": "2026-06-27T10:13:19.784Z", "symbol": "SOLUSDT", "price": 144.04, "qty": 26.802438, "side": "sell", "trade_id": "SOLUSDT-1000184"}
{"event_ts": "2026-06-27T10:13:57.920Z", "symbol": "SOLUSDT", "price": 144.15, "qty": 34.215611, "side": "buy", "trade_id": "SOLUSDT-1000185"}
{"event_ts": "2026-06-27T10:13:39.855Z", "symbol": "SOLUSDT", "price": 144.13, "qty": 11.414678, "side": "sell", "trade_id": "SOLUSDT-1000186"}
{"event_ts": "2026-06-27T10:13:02.027Z", "symbol": "SOLUSDT", "price": 143.98, "qty": 28.869223, "side": "buy", "trade_id": "SOLUSDT-1000187"}
{"event_ts": "2026-06-27T10:13:20.231Z", "symbol": "SOLUSDT", "price": 143.96, "qty": 37.993664, "side": "sell", "trade_id": "SOLUSDT-1000188"}
{"event_ts": "2026-06-27T10:13:06.859Z", "symbol": "SOLUSDT", "price": 144.04, "qty": 4.888065, "side": "sell", "trade_id": "SOLUSDT-1000189"}
{"event_ts": "2026-06-27T10:13:51.158Z", "symbol": "SOLUSDT", "price": 144.12, "qty": 35.125593, "side": "buy", "trade_id": "SOLUSDT-1000190"}
