{"event_ts": "2026-06-27T10:58:03.464Z", "symbol": "BTCUSDT", "price": 60759.82, "qty": 0.002285, "side": "buy", "trade_id": "BTCUSDT-1000796"}
{"event_ts": "2026-06-27T10:58:13.387Z", "symbol": "BTCUSDT", "price": 60769.32, "qty": 0.0391, "side": "sell", "trade_id": "BTCUSDT-1000797"}
{"event_ts": "2026-06-27T10:58:45.112Z", "symbol": "BTCUSDT", "price": 60776.42, "qty": 0.031826, "side": "sell", "trade_id": "BTCUSDT-1000798"}
{"event_ts": "2026-06-27T10:58:34.994Z", "symbol": "BTCUSDT", "price": 60764.22, "qty": 0.012439, "side": "sell", "trade_id": "BTCUSDT-1000799"}
{"event_ts": "2026-06-27T10:58:27.275Z", "symbol": "BTCUSDT", "price": 60739.89, "qty": 0.016324, "side": "buy", "trade_id": "BTCUSDT-1000800"}
{"event_ts": "2026-06-27T10:58:00.515Z", "symbol": "BTCUSDT", "price": 60728.65, "qty": 0.026737, "side": "buy", "trade_id": "BTCUSDT-1000801"}
{"event_ts": "2026-06-27T10:58:33.607Z", "symbol": "BTCUSDT", "price": 60740.73, "qty": 0.005448, "side": "sell", "trade_id": "BTCUSDT-1000802"}
{"event_ts": "2026-06-27T10:58:04.482Z", "symbol": "BTCUSDT", "price": 60751.85, "qty": 0.048227, "side": "sell", "trade_id": "BTCUSDT-1000803"}
{"event_ts": "2026-06-27T10:58:41.414Z", "symbol": "BTCUSDT", "price": 60754.27, "qty": 0.030578, "side": "sell", "trade_id": "BTCUSDT-1000804"}
{"event_ts": "2026-06-27T10:58:23.346Z", "symbol": "BTCUSDT", "price": 60778.74, "qty": 0.04422, "side": "buy", "trade_id": "BTCUSDT-1000805"}
{"event_ts": "2026-06-27T10:58:10.393Z", "symbol": "BTCUSDT", "price": 60798.51, "qty": 0.030517, "side": "sell", "trade_id": "BTCUSDT-1000806"}
{"event_ts": "2026-06-27T10:58:34.664Z", "symbol": "BTCUSDT", "price": 60812.04, "qty": 0.010525, "side": "buy", "trade_id": "BTCUSDT-1000807"}
{"event_ts": "2026-06-27T10:58:25.908Z", "symbol": "BTCUSDT", "price": 60816.43, "qty": 0.048893, "side": "sell", "trade_id": "BTCUSDT-1000808"}
{"event_ts": "2026-06-27T10:58:07.930Z", "symbol": "BTCUSDT", "price": 60832.5, "qty": 0.013598, "side": "sell", "trade_id": "BTCUSDT-1000809"}
{"event_ts": "2026-06-27T10:58:06.316Z", "symbol": "ETHUSDT", "price": 3361.47, "qty": 0.169355, "side": "sell", "trade_id": "ETHUSDT-1000791"}
{"event_ts": "2026-06-27T10:58:31.768Z", "symbol": "ETHUSDT", "price": 3363.06, "qty": 0.06595, "side": "buy", "trade_id": "ETHUSDT-1000792"}
{"event_ts": "2026-06-27T10:58:21.937Z", "symbol": "ETHUSDT", "price": 3365.03, "qty": 0.160524, "side": "buy", "trade_id": "ETHUSDT-1000793"}
{"event_ts": "2026-06-27T10:58:37.557Z", "symbol": "ETHUSDT", "price": 3364.03, "qty": 0.197122, "side": "buy", "trade_id": "ETHUSDT-1000794"}
{"event_ts": "2026-06-27T10:58:18.161Z", "symbol": "ETHUSDT", "price": 3365.07, "qty": 0.498538, "side": "sell", "trade_id": "ETHUSDT-1000795"}
{"event_ts": "2026-06-27T10:58:48.795Z", "symbol": "ETHUSDT", "price": 3364.04, "qty": 0.055372, "side": "buy", "trade_id": "ETHUSDT-1000796"}
{"event_ts": "2026-06-27T10:58:14.174Z", "symbol": "ETHUSDT", "price": 3363.52, "qty": 0.39286, "side": "sell", "trade_id": "ETHUSDT-1000797"}
{"event_ts": "2026-06-27T10:58:05.977Z", "symbol": "ETHUSDT", "price": 3364.15, "qty": 0.416452, "side": "sell", "trade_id": "ETHUSDT-1000798"}
{"event_ts": "2026-06-27T10:58:17.921Z", "symbol": "ETHUSDT", "price": 3363.77, "qty": 0.315407, "side": "buy", "trade_id": "ETHUSDT-1000799"}
{"event_ts": "2026-06-27T10:58:25.048Z", "symbol": "ETHUSDT", "price": 3362.07, "qty": 0.069445, "side": "buy", "trade_id": "ETHUSDT-1000800"}
{"event_ts": "2026-06-27T10:58:29.837Z", "symbol": "ETHUSDT", "price": 3363.8, "qty": 0.295253, "side": "sell", "trade_id": "ETHUSDT-1000801"}
{"event_ts": "2026-06-27T10:58:05.637Z", "symbol": "ETHUSDT", "price": 3362.6, "qty": 0.324106, "side": "buy", "trade_id": "ETHUSDT-1000802"}
{"event_ts": "2026-06-27T10:58:42.473Z", "symbol": "ETHUSDT", "price": 3362.81, "qty": 0.369081, "side": "buy", "trade_id": "ETHUSDT-1000803"}
{"event_ts": "2026-06-27T10:58:24.225Z", "symbol": "ETHUSDT", "price": 3362.47, "qty": 0.122323, "side": "sell", "trade_id": "ETHUSDT-1000804"}
{"event_ts": "2026-06-27T10:58:29.411Z", "symbol": "ETHUSDT", "price": 3364.41, "qty": 0.075235, "side": "sell", "trade_id": "ETHUSDT-1000805"}
{"event_ts": "2026-06-27T10:58:55.625Z", "symbol": "ETHUSDT", "price": 3365.81, "qty": 0.0302, "side": "sell", "trade_id": "ETHUSDT-1000806"}
{"event_ts": "2026-06-27T10:58:17.069Z", "symbol": "SOLUSDT", "price": 144.54, "qty": 1.388583, "side": "buy", "trade_id": "SOLUSDT-1000811"}
{"event_ts": "2026-06-27T10:58:25.940Z", "symbol": "SOLUSDT", "price": 144.46, "qty": 36.383858, "side": "buy", "trade_id": "SOLUSDT-1000812"}
{"event_ts": "2026-06-27T10:58:18.281Z", "symbol": "SOLUSDT", "price": 144.49, "qty": 28.778819, "side": "sell", "trade_id": "SOLUSDT-1000813"}
{"event_ts": "2026-06-27T10:58:44.036Z", "symbol": "SOLUSDT", "price": 144.37, "qty": 39.46811, "side": "sell", "trade_id": "SOLUSDT-1000814"}
{"event_ts": "2026-06-27T10:58:02.000Z", "symbol": "SOLUSDT", "price": 144.29, "qty": 15.152838, "side": "buy", "trade_id": "SOLUSDT-1000815"}
{"event_ts": "2026-06-27T10:58:12.824Z", "symbol": "SOLUSDT", "price": 144.22, "qty": 34.626256, "side": "sell", "trade_id": "SOLUSDT-1000816"}
{"event_ts": "2026-06-27T10:58:00.796Z", "symbol": "SOLUSDT", "price": 144.34, "qty": 21.226936, "side": "sell", "trade_id": "SOLUSDT-1000817"}
{"event_ts": "2026-06-27T10:58:05.260Z", "symbol": "SOLUSDT", "price": 144.3, "qty": 3.290288, "side": "buy", "trade_id": "SOLUSDT-1000818"}
{"event_ts": "2026-06-27T10:58:42.892Z", "symbol": "SOLUSDT", "price": 144.17, "qty": 34.418387, "side": "buy", "trade_id": "SOLUSDT-1000819"}
{"event_ts": "2026-06-27T10:58:10.815Z", "symbol": "SOLUSDT", "price": 144.1, "qty": 15.366876, "side": "buy", "trade_id": "SOLUSDT-1000820"}
{"event_ts": "2026-06-27T10:58:48.397Z", "symbol": "SOLUSDT", "price": 144.17, "qty": 5.155867, "side": "sell", "trade_id": "SOLUSDT-1000821"}
{"event_ts": "2026-06-27T10:58:53.388Z", "symbol": "SOLUSDT", "price": 144.06, "qty": 24.199866, "side": "sell", "trade_id": "SOLUSDT-1000822"}
{"event_ts": "2026-06-27T10:58:44.947Z", "symbol": "SOLUSDT", "price": 144.08, "qty": 19.435791, "side": "buy", "trade_id": "SOLUSDT-1000823"}
{"event_ts": "2026-06-27T10:58:13.672Z", "symbol": "SOLUSDT", "price": 143.97, "qty": 15.414081, "side": "sell", "trade_id": "SOLUSDT-1000824"}
{"event_ts": "2026-06-27T10:58:59.066Z", "symbol": "SOLUSDT", "price": 143.94, "qty": 38.850186, "side": "sell", "trade_id": "SOLUSDT-1000825"}
{"event_ts": "2026-06-27T10:58:38.340Z", "symbol": "SOLUSDT", "price": 143.9, "qty": 6.767901, "side": "sell", "trade_id": "SOLUSDT-1000826"}
{"event_ts": "2026-06-27T10:58:08.424Z", "symbol": "SOLUSDT", "price": 143.98, "qty": 28.701531, "side": "buy", "trade_id": "SOLUSDT-1000827"}
