{"event_ts": "2026-06-27T10:38:00.012Z", "symbol": "BTCUSDT", "price": 60921.49, "qty": 0.023647, "side": "sell", "trade_id": "BTCUSDT-1000538"}
{"event_ts": "2026-06-27T10:38:53.524Z", "symbol": "BTCUSDT", "price": 60918.94, "qty": 0.036484, "side": "buy", "trade_id": "BTCUSDT-1000539"}
{"event_ts": "2026-06-27T10:38:10.950Z", "symbol": "BTCUSDT", "price": 60933.19, "qty": 0.016073, "side": "buy", "trade_id": "BTCUSDT-1000540"}
{"event_ts": "2026-06-27T10:38:22.219Z", "symbol": "BTCUSDT", "price": 60914.32, "qty": 0.018149, "side": "sell", "trade_id": "BTCUSDT-1000541"}
{"event_ts": "2026-06-27T10:38:32.962Z", "symbol": "BTCUSDT", "price": 60904.14, "qty": 0.029094, "side": "sell", "trade_id": "BTCUSDT-1000542"}
{"event_ts": "2026-06-27T10:38:16.228Z", "symbol": "BTCUSDT", "price": 60883.27, "qty": 0.009601, "side": "sell", "trade_id": "BTCUSDT-1000543"}
{"event_ts": "2026-06-27T10:38:23.675Z", "symbol": "BTCUSDT", "price": 60894.1, "qty": 0.025407, "side": "sell", "trade_id": "BTCUSDT-1000544"}
{"event_ts": "2026-06-27T10:38:54.745Z", "symbol": "BTCUSDT", "price": 60910.5, "qty": 0.024074, "side": "sell", "trade_id": "BTCUSDT-1000545"}
{"event_ts": "2026-06-27T10:38:46.271Z", "symbol": "ETHUSDT", "price": 3365.85, "qty": 0.3068, "side": "buy", "trade_id": "ETHUSDT-1000503"}
{"event_ts": "2026-06-27T10:38:20.454Z", "symbol": "ETHUSDT", "price": 3367.65, "qty": 0.444101, "side": "sell", "trade_id": "ETHUSDT-1000504"}
{"event_ts": "2026-06-27T10:38:52.484Z", "symbol": "ETHUSDT", "price": 3368.85, "qty": 0.32384, "side": "buy", "trade_id": "ETHUSDT-1000505"}
{"event_ts": "2026-06-27T10:38:29.934Z", "symbol": "ETHUSDT", "price": 3370.27, "qty": 0.241155, "side": "sell", "trade_id": "ETHUSDT-1000506"}
{"event_ts": "2026-06-27T10:38:50.551Z", "symbol": "ETHUSDT", "price": 3372.1, "qty": 0.137593, "side": "buy", "trade_id": "ETHUSDT-1000507"}
{"event_ts": "2026-06-27T10:38:58.844Z", "symbol": "ETHUSDT", "price": 3370.8, "qty": 0.426334, "side": "buy", "trade_id": "ETHUSDT-1000508"}
{"event_ts": "2026-06-27T10:38:38.492Z", "symbol": "ETHUSDT", "price": 3370.51, "qty": 0.399862, "side": "sell", "trade_id": "ETHUSDT-1000509"}
{"event_ts": "2026-06-27T10:38:32.854Z", "symbol": "ETHUSDT", "price": 3369.45, "qty": 0.107594, "side": "buy", "trade_id": "ETHUSDT-1000510"}
{"event_ts": "2026-06-27T10:38:02.565Z", "symbol": "ETHUSDT", "price": 3367.61, "qty": 0.487341, "side": "buy", "trade_id": "ETHUSDT-1000511"}
{"event_ts": "2026-06-27T10:38:58.490Z", "symbol": "ETHUSDT", "price": 3367.38, "qty": 0.257397, "side": "sell", "trade_id": "ETHUSDT-1000512"}
{"event_ts": "2026-06-27T10:38:26.387Z", "symbol": "ETHUSDT", "price": 3367.27, "qty": 0.335634, "side": "sell", "trade_id": "ETHUSDT-1000513"}
{"event_ts": "2026-06-27T10:38:41.232Z", "symbol": "ETHUSDT", "price": 3366.69, "qty": 0.492205, "side": "sell", "trade_id": "ETHUSDT-1000514"}
{"event_ts": "2026-06-27T10:38:13.838Z", "symbol": "ETHUSDT", "price": 3365.08, "qty": 0.332795, "side": "sell", "trade_id": "ETHUSDT-1000515"}
{"event_ts": "2026-06-27T10:38:57.131Z", "symbol": "ETHUSDT", "price": 3365.45, "qty": 0.36931, "side": "sell", "trade_id": "ETHUSDT-1000516"}
{"event_ts": "2026-06-27T10:38:03.731Z", "symbol": "ETHUSDT", "price": 3363.95, "qty": 0.12053, "side": "sell", "trade_id": "ETHUSDT-1000517"}
{"event_ts": "2026-06-27T10:38:53.962Z", "symbol": "ETHUSDT", "price": 3365.29, "qty": 0.368033, "side": "sell", "trade_id": "ETHUSDT-1000518"}
{"event_ts": "2026-06-27T10:38:45.002Z", "symbol": "ETHUSDT", "price": 3366.0, "qty": 0.14057, "side": "buy", "trade_id": "ETHUSDT-1000519"}
{"event_ts": "2026-06-27T10:38:22.085Z", "symbol": "ETHUSDT", "price": 3367.43, "qty": 0.35711, "side": "sell", "trade_id": "ETHUSDT-1000520"}
{"event_ts": "2026-06-27T10:38:17.798Z", "symbol": "ETHUSDT", "price": 3365.92, "qty": 0.066109, "side": "buy", "trade_id": "ETHUSDT-1000521"}
{"event_ts": "2026-06-27T10:38:44.876Z", "symbol": "ETHUSDT", "price": 3365.51, "qty": 0.218211, "side": "sell", "trade_id": "ETHUSDT-1000522"}
{"event_ts": "2026-06-27T10:38:00.945Z", "symbol": "SOLUSDT", "price": 143.41, "qty": 35.840487, "side": "sell", "trade_id": "SOLUSDT-1000528"}
{"event_ts": "2026-06-27T10:38:57.169Z", "symbol": "SOLUSDT", "price": 143.51, "qty": 30.226273, "side": "sell", "trade_id": "SOLUSDT-1000529"}
{"event_ts": "2026-06-27T10:38:47.422Z", "symbol": "SOLUSDT", "price": 143.49, "qty": 18.973963, "side": "sell", "trade_id": "SOLUSDT-1000530"}
{"event_ts": "2026-06-27T10:38:13.461Z", "symbol": "SOLUSDT", "price": 143.43, "qty": 7.169895, "side": "sell", "trade_id": "SOLUSDT-1000531"}
{"event_ts": "2026-06-27T10:38:41.101Z", "symbol": "SOLUSDT", "price": 143.58, "qty": 4.821592, "side": "sell", "trade_id": "SOLUSDT-1000532"}
{"event_ts": "2026-06-27T10:38:26.418Z", "symbol": "SOLUSDT", "price": 143.47, "qty": 22.143102, "side": "buy", "trade_id": "SOLUSDT-1000533"}
{"event_ts": "2026-06-27T10:38:01.317Z", "symbol": "SOLUSDT", "price": 143.56, "qty": 37.434943, "side": "buy", "trade_id": "SOLUSDT-1000534"}
{"event_ts": "2026-06-27T10:38:44.285Z", "symbol": "SOLUSDT", "price": 143.63, "qty": 26.011675, "side": "buy", "trade_id": "SOLUSDT-1000535"}
{"event_ts": "2026-06-27T10:38:20.683Z", "symbol": "SOLUSDT", "price": 143.51, "qty": 31.007677, "side": "buy", "trade_id": "SOLUSDT-1000536"}
{"event_ts": "2026-06-27T10:38:03.513Z", "symbol": "SOLUSDT", "price": 143.56, "qty": 38.141116, "side": "buy", "trade_id": "SOLUSDT-1000537"}
{"event_ts": "2026-06-27T10:38:40.169Z", "symbol": "SOLUSDT", "price": 143.64, "qty": 17.742152, "side": "buy", "trade_id": "SOLUSDT-1000538"}
