{"event_ts": "2026-06-27T10:25:04.218Z", "symbol": "BTCUSDT", "price": 60988.55, "qty": 0.048947, "side": "buy", "trade_id": "BTCUSDT-1000362"}
{"event_ts": "2026-06-27T10:25:56.515Z", "symbol": "BTCUSDT", "price": 60995.55, "qty": 0.023682, "side": "buy", "trade_id": "BTCUSDT-1000363"}
{"event_ts": "2026-06-27T10:25:46.096Z", "symbol": "BTCUSDT", "price": 60975.04, "qty": 0.01758, "side": "sell", "trade_id": "BTCUSDT-1000364"}
{"event_ts": "2026-06-27T10:25:55.173Z", "symbol": "BTCUSDT", "price": 60990.58, "qty": 0.016741, "side": "sell", "trade_id": "BTCUSDT-1000365"}
{"event_ts": "2026-06-27T10:25:51.461Z", "symbol": "BTCUSDT", "price": 60966.87, "qty": 0.049414, "side": "buy", "trade_id": "BTCUSDT-1000366"}
{"event_ts": "2026-06-27T10:25:59.519Z", "symbol": "BTCUSDT", "price": 60977.23, "qty": 0.032774, "side": "sell", "trade_id": "BTCUSDT-1000367"}
{"event_ts": "2026-06-27T10:25:33.358Z", "symbol": "BTCUSDT", "price": 60992.14, "qty": 0.031332, "side": "sell", "trade_id": "BTCUSDT-1000368"}
{"event_ts": "2026-06-27T10:25:40.293Z", "symbol": "BTCUSDT", "price": 60980.23, "qty": 0.049177, "side": "sell", "trade_id": "BTCUSDT-1000369"}
{"event_ts": "2026-06-27T10:25:40.619Z", "symbol": "BTCUSDT", "price": 60991.89, "qty": 0.039423, "side": "sell", "trade_id": "BTCUSDT-1000370"}
{"event_ts": "2026-06-27T10:25:37.233Z", "symbol": "BTCUSDT", "price": 60969.98, "qty": 0.037508, "side": "buy", "trade_id": "BTCUSDT-1000371"}
{"event_ts": "2026-06-27T10:25:30.074Z", "symbol": "BTCUSDT", "price": 60975.91, "qty": 0.005898, "side": "sell", "trade_id": "BTCUSDT-1000372"}
{"event_ts": "2026-06-27T10:25:39.361Z", "symbol": "BTCUSDT", "price": 60974.96, "qty": 0.047463, "side": "buy", "trade_id": "BTCUSDT-1000373"}
{"event_ts": "2026-06-27T10:25:49.975Z", "symbol": "BTCUSDT", "price": 60960.0, "qty": 0.012241, "side": "sell", "trade_id": "BTCUSDT-1000374"}
{"event_ts": "2026-06-27T10:25:19.253Z", "symbol": "BTCUSDT", "price": 60957.08, "qty": 0.002838, "side": "sell", "trade_id": "BTCUSDT-1000375"}
{"event_ts": "2026-06-27T10:25:39.579Z", "symbol": "BTCUSDT", "price": 60975.41, "qty": 0.023147, "side": "sell", "trade_id": "BTCUSDT-1000376"}
{"event_ts": "2026-06-27T10:25:46.316Z", "symbol": "BTCUSDT", "price": 60955.38, "qty": 0.008516, "side": "sell", "trade_id": "BTCUSDT-1000377"}
{"event_ts": "2026-06-27T10:25:08.648Z", "symbol": "BTCUSDT", "price": 60956.35, "qty": 0.016933, "side": "sell", "trade_id": "BTCUSDT-1000378"}
{"event_ts": "2026-06-27T10:25:58.837Z", "symbol": "BTCUSDT", "price": 60966.79, "qty": 0.019837, "side": "buy", "trade_id": "BTCUSDT-1000379"}
{"event_ts": "2026-06-27T10:25:00.014Z", "symbol": "BTCUSDT", "price": 60985.96, "qty": 0.034968, "side": "buy", "trade_id": "BTCUSDT-1000380"}
{"event_ts": "2026-06-27T10:25:12.781Z", "symbol": "BTCUSDT", "price": 60982.76, "qty": 0.022345, "side": "buy", "trade_id": "BTCUSDT-1000381"}
{"event_ts": "2026-06-27T10:25:53.042Z", "symbol": "ETHUSDT", "price": 3385.41, "qty": 0.484249, "side": "sell", "trade_id": "ETHUSDT-1000332"}
{"event_ts": "2026-06-27T10:25:21.116Z", "symbol": "ETHUSDT", "price": 3384.15, "qty": 0.443988, "side": "sell", "trade_id": "ETHUSDT-1000333"}
{"event_ts": "2026-06-27T10:25:44.245Z", "symbol": "ETHUSDT", "price": 3385.11, "qty": 0.438835, "side": "buy", "trade_id": "ETHUSDT-1000334"}
{"event_ts": "2026-06-27T10:25:35.785Z", "symbol": "ETHUSDT", "price": 3383.72, "qty": 0.357302, "side": "sell", "trade_id": "ETHUSDT-1000335"}
{"event_ts": "2026-06-27T10:25:37.027Z", "symbol": "ETHUSDT", "price": 3385.3, "qty": 0.087663, "side": "buy", "trade_id": "ETHUSDT-1000336"}
{"event_ts": "2026-06-27T10:25:46.959Z", "symbol": "ETHUSDT", "price": 3384.81, "qty": 0.281913, "side": "sell", "trade_id": "ETHUSDT-1000337"}
{"event_ts": "2026-06-27T10:25:50.879Z", "symbol": "ETHUSDT", "price": 3384.16, "qty": 0.265047, "side": "sell", "trade_id": "ETHUSDT-1000338"}
{"event_ts": "2026-06-27T10:25:09.819Z", "symbol": "ETHUSDT", "price": 3384.46, "qty": 0.406681, "side": "sell", "trade_id": "ETHUSDT-1000339"}
{"event_ts": "2026-06-27T10:25:29.190Z", "symbol": "SOLUSDT", "price": 143.23, "qty": 15.923924, "side": "sell", "trade_id": "SOLUSDT-1000345"}
{"event_ts": "2026-06-27T10:25:11.730Z", "symbol": "SOLUSDT", "price": 143.15, "qty": 11.926251, "side": "sell", "trade_id": "SOLUSDT-1000346"}
{"event_ts": "2026-06-27T10:25:59.718Z", "symbol": "SOLUSDT", "price": 143.12, "qty": 7.137891, "side": "buy", "trade_id": "SOLUSDT-1000347"}
{"event_ts": "2026-06-27T10:25:09.005Z", "symbol": "SOLUSDT", "price": 143.15, "qty": 28.490202, "side": "buy", "trade_id": "SOLUSDT-1000348"}
{"event_ts": "2026-06-27T10:25:08.131Z", "symbol": "SOLUSDT", "price": 143.01, "qty": 35.109062, "side": "buy", "trade_id": "SOLUSDT-1000349"}
{"event_ts": "2026-06-27T10:25:33.901Z", "symbol": "SOLUSDT", "price": 142.88, "qty": 26.514941, "side": "buy", "trade_id": "SOLUSDT-1000350"}
{"event_ts": "2026-06-27T10:25:13.468Z", "symbol": "SOLUSDT", "price": 142.95, "qty": 29.094246, "side": "sell", "trade_id": "SOLUSDT-1000351"}
{"event_ts": "2026-06-27T10:25:45.422Z", "symbol": "SOLUSDT", "price": 142.83, "qty": 1.332036, "side": "buy", "trade_id": "SOLUSDT-1000352"}
{"event_ts": "2026-06-27T10:25:47.866Z", "symbol": "SOLUSDT", "price": 142.73, "qty": 14.554679, "side": "sell", "trade_id": "SOLUSDT-1000353"}
{"event_ts": "2026-06-27T10:25:51.557Z", "symbol": "SOLUSDT", "price": 142.64, "qty": 25.121035, "side": "sell", "trade_id": "SOLUSDT-1000354"}
