{"event_ts": "2026-06-27T10:42:52.838Z", "symbol": "BTCUSDT", "price": 61000.12, "qty": 0.035838, "side": "buy", "trade_id": "BTCUSDT-1000579"}
{"event_ts": "2026-06-27T10:42:40.882Z", "symbol": "BTCUSDT", "price": 61003.0, "qty": 0.014659, "side": "buy", "trade_id": "BTCUSDT-1000580"}
{"event_ts": "2026-06-27T10:42:10.177Z", "symbol": "BTCUSDT", "price": 60994.94, "qty": 0.029969, "side": "buy", "trade_id": "BTCUSDT-1000581"}
{"event_ts": "2026-06-27T10:42:51.711Z", "symbol": "BTCUSDT", "price": 61016.32, "qty": 0.024226, "side": "buy", "trade_id": "BTCUSDT-1000582"}
{"event_ts": "2026-06-27T10:42:22.717Z", "symbol": "BTCUSDT", "price": 60991.84, "qty": 0.015061, "side": "sell", "trade_id": "BTCUSDT-1000583"}
{"event_ts": "2026-06-27T10:42:47.878Z", "symbol": "BTCUSDT", "price": 60988.4, "qty": 0.009638, "side": "sell", "trade_id": "BTCUSDT-1000584"}
{"event_ts": "2026-06-27T10:42:26.362Z", "symbol": "BTCUSDT", "price": 60987.16, "qty": 0.01011, "side": "sell", "trade_id": "BTCUSDT-1000585"}
{"event_ts": "2026-06-27T10:42:45.254Z", "symbol": "BTCUSDT", "price": 61008.13, "qty": 0.017805, "side": "buy", "trade_id": "BTCUSDT-1000586"}
{"event_ts": "2026-06-27T10:42:28.507Z", "symbol": "BTCUSDT", "price": 61019.42, "qty": 0.04576, "side": "sell", "trade_id": "BTCUSDT-1000587"}
{"event_ts": "2026-06-27T10:42:21.884Z", "symbol": "BTCUSDT", "price": 61020.79, "qty": 0.005143, "side": "buy", "trade_id": "BTCUSDT-1000588"}
{"event_ts": "2026-06-27T10:42:11.434Z", "symbol": "BTCUSDT", "price": 61043.8, "qty": 0.020622, "side": "buy", "trade_id": "BTCUSDT-1000589"}
{"event_ts": "2026-06-27T10:42:24.645Z", "symbol": "BTCUSDT", "price": 61035.14, "qty": 0.00793, "side": "buy", "trade_id": "BTCUSDT-1000590"}
{"event_ts": "2026-06-27T10:42:55.580Z", "symbol": "BTCUSDT", "price": 61037.74, "qty": 0.013752, "side": "sell", "trade_id": "BTCUSDT-1000591"}
{"event_ts": "2026-06-27T10:42:28.138Z", "symbol": "BTCUSDT", "price": 61027.43, "qty": 0.006458, "side": "sell", "trade_id": "BTCUSDT-1000592"}
{"event_ts": "2026-06-27T10:42:59.216Z", "symbol": "BTCUSDT", "price": 61029.8, "qty": 0.006211, "side": "sell", "trade_id": "BTCUSDT-1000593"}
{"event_ts": "2026-06-27T10:42:12.266Z", "symbol": "ETHUSDT", "price": 3366.9, "qty": 0.269843, "side": "sell", "trade_id": "ETHUSDT-1000574"}
{"event_ts": "2026-06-27T10:42:21.146Z", "symbol": "ETHUSDT", "price": 3367.49, "qty": 0.103988, "side": "sell", "trade_id": "ETHUSDT-1000575"}
{"event_ts": "2026-06-27T10:42:02.366Z", "symbol": "ETHUSDT", "price": 3368.63, "qty": 0.425534, "side": "sell", "trade_id": "ETHUSDT-1000576"}
{"event_ts": "2026-06-27T10:42:10.403Z", "symbol": "ETHUSDT", "price": 3367.9, "qty": 0.300291, "side": "sell", "trade_id": "ETHUSDT-1000577"}
{"event_ts": "2026-06-27T10:42:30.744Z", "symbol": "ETHUSDT", "price": 3369.09, "qty": 0.233924, "side": "sell", "trade_id": "ETHUSDT-1000578"}
{"event_ts": "2026-06-27T10:42:36.069Z", "symbol": "ETHUSDT", "price": 3368.94, "qty": 0.026936, "side": "buy", "trade_id": "ETHUSDT-1000579"}
{"event_ts": "2026-06-27T10:42:09.172Z", "symbol": "ETHUSDT", "price": 3368.38, "qty": 0.160089, "side": "sell", "trade_id": "ETHUSDT-1000580"}
{"event_ts": "2026-06-27T10:42:15.244Z", "symbol": "ETHUSDT", "price": 3370.19, "qty": 0.257873, "side": "sell", "trade_id": "ETHUSDT-1000581"}
{"event_ts": "2026-06-27T10:42:59.908Z", "symbol": "ETHUSDT", "price": 3368.32, "qty": 0.44942, "side": "buy", "trade_id": "ETHUSDT-1000582"}
{"event_ts": "2026-06-27T10:42:49.808Z", "symbol": "SOLUSDT", "price": 142.97, "qty": 3.452104, "side": "buy", "trade_id": "SOLUSDT-1000580"}
{"event_ts": "2026-06-27T10:42:46.195Z", "symbol": "SOLUSDT", "price": 143.02, "qty": 23.666583, "side": "buy", "trade_id": "SOLUSDT-1000581"}
{"event_ts": "2026-06-27T10:42:12.928Z", "symbol": "SOLUSDT", "price": 143.1, "qty": 8.233423, "side": "sell", "trade_id": "SOLUSDT-1000582"}
{"event_ts": "2026-06-27T10:42:29.598Z", "symbol": "SOLUSDT", "price": 143.15, "qty": 31.083571, "side": "sell", "trade_id": "SOLUSDT-1000583"}
{"event_ts": "2026-06-27T10:42:34.663Z", "symbol": "SOLUSDT", "price": 143.25, "qty": 32.762744, "side": "buy", "trade_id": "SOLUSDT-1000584"}
{"event_ts": "2026-06-27T10:42:45.408Z", "symbol": "SOLUSDT", "price": 143.37, "qty": 29.890162, "side": "buy", "trade_id": "SOLUSDT-1000585"}
{"event_ts": "2026-06-27T10:42:07.961Z", "symbol": "SOLUSDT", "price": 143.28, "qty": 33.111342, "side": "buy", "trade_id": "SOLUSDT-1000586"}
{"event_ts": "2026-06-27T10:42:10.396Z", "symbol": "SOLUSDT", "price": 143.18, "qty": 24.102462, "side": "sell", "trade_id": "SOLUSDT-1000587"}
{"event_ts": "2026-06-27T10:42:03.546Z", "symbol": "SOLUSDT", "price": 143.19, "qty": 18.617378, "side": "sell", "trade_id": "SOLUSDT-1000588"}
{"event_ts": "2026-06-27T10:42:07.062Z", "symbol": "SOLUSDT", "price": 143.12, "qty": 30.582825, "side": "sell", "trade_id": "SOLUSDT-1000589"}
{"event_ts": "2026-06-27T10:42:57.585Z", "symbol": "SOLUSDT", "price": 143.14, "qty": 31.036783, "side": "buy", "trade_id": "SOLUSDT-1000590"}
{"event_ts": "2026-06-27T10:42:09.457Z", "symbol": "SOLUSDT", "price": 143.22, "qty": 26.395074, "side": "buy", "trade_id": "SOLUSDT-1000591"}
{"event_ts": "2026-06-27T10:42:58.525Z", "symbol": "SOLUSDT", "price": 143.17, "qty": 26.654132, "side": "sell", "trade_id": "SOLUSDT-1000592"}
{"event_ts": "2026-06-27T10:42:46.816Z", "symbol": "SOLUSDT", "price": 143.25, "qty": 21.188117, "side": "sell", "trade_id": "SOLUSDT-1000593"}
{"event_ts": "2026-06-27T10:42:46.115Z", "symbol": "SOLUSDT", "price": 143.25, "qty": 14.011396, "side": "sell", "trade_id": "SOLUSDT-1000594"}
{"event_ts": "2026-06-27T10:42:00.695Z", "symbol": "SOLUSDT", "price": 143.26, "qty": 24.814454, "side": "buy", "trade_id": "SOLUSDT-1000595"}
{"event_ts": "2026-06-27T10:42:39.882Z", "symbol": "SOLUSDT", "price": 143.32, "qty": 29.602651, "side": "sell", "trade_id": "SOLUSDT-1000596"}
{"event_ts": "2026-06-27T10:42:31.984Z", "symbol": "SOLUSDT", "price": 143.39, "qty": 22.793426, "side": "sell", "trade_id": "SOLUSDT-1000597"}
