{"event_ts": "2026-06-27T10:35:23.332Z", "symbol": "BTCUSDT", "price": 60932.58, "qty": 0.027553, "side": "sell", "trade_id": "BTCUSDT-1000501"}
{"event_ts": "2026-06-27T10:35:35.134Z", "symbol": "BTCUSDT", "price": 60939.36, "qty": 0.003689, "side": "sell", "trade_id": "BTCUSDT-1000502"}
{"event_ts": "2026-06-27T10:35:09.107Z", "symbol": "BTCUSDT", "price": 60948.04, "qty": 0.024901, "side": "sell", "trade_id": "BTCUSDT-1000503"}
{"event_ts": "2026-06-27T10:35:22.829Z", "symbol": "BTCUSDT", "price": 60949.46, "qty": 0.011996, "side": "buy", "trade_id": "BTCUSDT-1000504"}
{"event_ts": "2026-06-27T10:35:47.497Z", "symbol": "BTCUSDT", "price": 60953.39, "qty": 0.041411, "side": "buy", "trade_id": "BTCUSDT-1000505"}
{"event_ts": "2026-06-27T10:35:13.557Z", "symbol": "BTCUSDT", "price": 60943.44, "qty": 0.013537, "side": "sell", "trade_id": "BTCUSDT-1000506"}
{"event_ts": "2026-06-27T10:35:09.363Z", "symbol": "BTCUSDT", "price": 60925.61, "qty": 0.011698, "side": "buy", "trade_id": "BTCUSDT-1000507"}
{"event_ts": "2026-06-27T10:35:54.284Z", "symbol": "BTCUSDT", "price": 60943.74, "qty": 0.048209, "side": "buy", "trade_id": "BTCUSDT-1000508"}
{"event_ts": "2026-06-27T10:35:58.973Z", "symbol": "ETHUSDT", "price": 3378.57, "qty": 0.245638, "side": "sell", "trade_id": "ETHUSDT-1000471"}
{"event_ts": "2026-06-27T10:35:59.946Z", "symbol": "ETHUSDT", "price": 3376.79, "qty": 0.280414, "side": "buy", "trade_id": "ETHUSDT-1000472"}
{"event_ts": "2026-06-27T10:35:24.310Z", "symbol": "ETHUSDT", "price": 3376.12, "qty": 0.349447, "side": "sell", "trade_id": "ETHUSDT-1000473"}
{"event_ts": "2026-06-27T10:35:57.371Z", "symbol": "ETHUSDT", "price": 3377.11, "qty": 0.123976, "side": "buy", "trade_id": "ETHUSDT-1000474"}
{"event_ts": "2026-06-27T10:35:40.170Z", "symbol": "ETHUSDT", "price": 3376.17, "qty": 0.464724, "side": "buy", "trade_id": "ETHUSDT-1000475"}
{"event_ts": "2026-06-27T10:35:35.633Z", "symbol": "ETHUSDT", "price": 3374.39, "qty": 0.357622, "side": "buy", "trade_id": "ETHUSDT-1000476"}
{"event_ts": "2026-06-27T10:35:54.472Z", "symbol": "ETHUSDT", "price": 3372.88, "qty": 0.106361, "side": "buy", "trade_id": "ETHUSDT-1000477"}
{"event_ts": "2026-06-27T10:35:54.089Z", "symbol": "ETHUSDT", "price": 3372.09, "qty": 0.44731, "side": "buy", "trade_id": "ETHUSDT-1000478"}
{"event_ts": "2026-06-27T10:35:48.527Z", "symbol": "ETHUSDT", "price": 3370.42, "qty": 0.46334, "side": "buy", "trade_id": "ETHUSDT-1000479"}
{"event_ts": "2026-06-27T10:35:24.507Z", "symbol": "SOLUSDT", "price": 143.62, "qty": 28.992423, "side": "buy", "trade_id": "SOLUSDT-1000485"}
{"event_ts": "2026-06-27T10:35:28.809Z", "symbol": "SOLUSDT", "price": 143.6, "qty": 36.454223, "side": "buy", "trade_id": "SOLUSDT-1000486"}
{"event_ts": "2026-06-27T10:35:57.740Z", "symbol": "SOLUSDT", "price": 143.64, "qty": 4.764769, "side": "buy", "trade_id": "SOLUSDT-1000487"}
{"event_ts": "2026-06-27T10:35:22.991Z", "symbol": "SOLUSDT", "price": 143.61, "qty": 29.681659, "side": "buy", "trade_id": "SOLUSDT-1000488"}
{"event_ts": "2026-06-27T10:35:26.238Z", "symbol": "SOLUSDT", "price": 143.59, "qty": 21.517549, "side": "sell", "trade_id": "SOLUSDT-1000489"}
{"event_ts": "2026-06-27T10:35:48.609Z", "symbol": "SOLUSDT", "price": 143.64, "qty": 19.530571, "side": "buy", "trade_id": "SOLUSDT-1000490"}
{"event_ts": "2026-06-27T10:35:53.884Z", "symbol": "SOLUSDT", "price": 143.75, "qty": 31.836181, "side": "sell", "trade_id": "SOLUSDT-1000491"}
{"event_ts": "2026-06-27T10:35:15.559Z", "symbol": "SOLUSDT", "price": 143.86, "qty": 26.329793, "side": "sell", "trade_id": "SOLUSDT-1000492"}
{"event_ts": "2026-06-27T10:35:52.944Z", "symbol": "SOLUSDT", "price": 143.94, "qty": 5.766793, "side": "sell", "trade_id": "SOLUSDT-1000493"}
{"event_ts": "2026-06-27T10:35:37.254Z", "symbol": "SOLUSDT", "price": 143.9, "qty": 22.882811, "side": "buy", "trade_id": "SOLUSDT-1000494"}
{"event_ts": "2026-06-27T10:35:43.645Z", "symbol": "SOLUSDT", "price": 143.85, "qty": 28.368272, "side": "sell", "trade_id": "SOLUSDT-1000495"}
{"event_ts": "2026-06-27T10:35:08.312Z", "symbol": "SOLUSDT", "price": 143.91, "qty": 37.446456, "side": "sell", "trade_id": "SOLUSDT-1000496"}
{"event_ts": "2026-06-27T10:35:30.580Z", "symbol": "SOLUSDT", "price": 143.8, "qty": 17.079305, "side": "sell", "trade_id": "SOLUSDT-1000497"}
{"event_ts": "2026-06-27T10:35:26.087Z", "symbol": "SOLUSDT", "price": 143.69, "qty": 12.250765, "side": "buy", "trade_id": "SOLUSDT-1000498"}
{"event_ts": "2026-06-27T10:35:19.656Z", "symbol": "SOLUSDT", "price": 143.63, "qty": 14.887446, "side": "sell", "trade_id": "SOLUSDT-1000499"}
{"event_ts": "2026-06-27T10:35:25.343Z", "symbol": "SOLUSDT", "price": 143.66, "qty": 7.283547, "side": "sell", "trade_id": "SOLUSDT-1000500"}
{"event_ts": "2026-06-27T10:35:36.874Z", "symbol": "SOLUSDT", "price": 143.63, "qty": 28.262324, "side": "sell", "trade_id": "SOLUSDT-1000501"}
{"event_ts": "2026-06-27T10:35:48.280Z", "symbol": "SOLUSDT", "price": 143.55, "qty": 21.392812, "side": "sell", "trade_id": "SOLUSDT-1000502"}
