{"event_ts": "2026-06-27T10:45:39.925Z", "symbol": "BTCUSDT", "price": 61030.19, "qty": 0.550886, "side": "buy", "trade_id": "BTCUSDT-1000630"}
{"event_ts": "2026-06-27T10:45:58.718Z", "symbol": "BTCUSDT", "price": 61006.15, "qty": 0.352694, "side": "buy", "trade_id": "BTCUSDT-1000631"}
{"event_ts": "2026-06-27T10:45:28.978Z", "symbol": "BTCUSDT", "price": 60991.82, "qty": 0.095748, "side": "sell", "trade_id": "BTCUSDT-1000632"}
{"event_ts": "2026-06-27T10:45:10.311Z", "symbol": "BTCUSDT", "price": 60992.77, "qty": 0.398812, "side": "buy", "trade_id": "BTCUSDT-1000633"}
{"event_ts": "2026-06-27T10:45:58.071Z", "symbol": "BTCUSDT", "price": 61002.83, "qty": 0.289405, "side": "sell", "trade_id": "BTCUSDT-1000634"}
{"event_ts": "2026-06-27T10:45:26.731Z", "symbol": "BTCUSDT", "price": 60985.17, "qty": 0.578424, "side": "buy", "trade_id": "BTCUSDT-1000635"}
{"event_ts": "2026-06-27T10:45:58.545Z", "symbol": "BTCUSDT", "price": 60978.74, "qty": 0.434106, "side": "buy", "trade_id": "BTCUSDT-1000636"}
{"event_ts": "2026-06-27T10:45:25.496Z", "symbol": "BTCUSDT", "price": 60995.78, "qty": 0.29159, "side": "sell", "trade_id": "BTCUSDT-1000637"}
{"event_ts": "2026-06-27T10:45:05.304Z", "symbol": "BTCUSDT", "price": 61001.94, "qty": 0.56016, "side": "buy", "trade_id": "BTCUSDT-1000638"}
{"event_ts": "2026-06-27T10:45:42.203Z", "symbol": "BTCUSDT", "price": 60979.25, "qty": 0.429251, "side": "buy", "trade_id": "BTCUSDT-1000639"}
{"event_ts": "2026-06-27T10:45:12.140Z", "symbol": "BTCUSDT", "price": 60959.93, "qty": 0.076325, "side": "sell", "trade_id": "BTCUSDT-1000640"}
{"event_ts": "2026-06-27T10:45:09.648Z", "symbol": "BTCUSDT", "price": 60969.98, "qty": 0.189092, "side": "buy", "trade_id": "BTCUSDT-1000641"}
{"event_ts": "2026-06-27T10:45:19.607Z", "symbol": "ETHUSDT", "price": 3373.43, "qty": 2.154398, "side": "sell", "trade_id": "ETHUSDT-1000603"}
{"event_ts": "2026-06-27T10:45:13.272Z", "symbol": "ETHUSDT", "price": 3372.46, "qty": 3.238816, "side": "sell", "trade_id": "ETHUSDT-1000604"}
{"event_ts": "2026-06-27T10:45:30.186Z", "symbol": "ETHUSDT", "price": 3371.08, "qty": 2.676003, "side": "buy", "trade_id": "ETHUSDT-1000605"}
{"event_ts": "2026-06-27T10:45:55.096Z", "symbol": "ETHUSDT", "price": 3370.89, "qty": 0.52608, "side": "sell", "trade_id": "ETHUSDT-1000606"}
{"event_ts": "2026-06-27T10:45:54.032Z", "symbol": "ETHUSDT", "price": 3371.82, "qty": 0.475293, "side": "sell", "trade_id": "ETHUSDT-1000607"}
{"event_ts": "2026-06-27T10:45:53.513Z", "symbol": "ETHUSDT", "price": 3371.52, "qty": 1.550451, "side": "sell", "trade_id": "ETHUSDT-1000608"}
{"event_ts": "2026-06-27T10:45:29.930Z", "symbol": "ETHUSDT", "price": 3373.12, "qty": 1.363945, "side": "buy", "trade_id": "ETHUSDT-1000609"}
{"event_ts": "2026-06-27T10:45:25.888Z", "symbol": "ETHUSDT", "price": 3372.25, "qty": 3.917979, "side": "buy", "trade_id": "ETHUSDT-1000610"}
{"event_ts": "2026-06-27T10:45:19.497Z", "symbol": "ETHUSDT", "price": 3373.66, "qty": 2.933673, "side": "buy", "trade_id": "ETHUSDT-1000611"}
{"event_ts": "2026-06-27T10:45:01.619Z", "symbol": "ETHUSDT", "price": 3373.55, "qty": 3.36021, "side": "sell", "trade_id": "ETHUSDT-1000612"}
{"event_ts": "2026-06-27T10:45:27.501Z", "symbol": "ETHUSDT", "price": 3375.17, "qty": 5.903289, "side": "buy", "trade_id": "ETHUSDT-1000613"}
{"event_ts": "2026-06-27T10:45:27.790Z", "symbol": "ETHUSDT", "price": 3375.0, "qty": 4.272141, "side": "sell", "trade_id": "ETHUSDT-1000614"}
{"event_ts": "2026-06-27T10:45:34.260Z", "symbol": "SOLUSDT", "price": 143.48, "qty": 385.40727, "side": "sell", "trade_id": "SOLUSDT-1000632"}
{"event_ts": "2026-06-27T10:45:29.674Z", "symbol": "SOLUSDT", "price": 143.38, "qty": 316.991759, "side": "sell", "trade_id": "SOLUSDT-1000633"}
{"event_ts": "2026-06-27T10:45:53.161Z", "symbol": "SOLUSDT", "price": 143.33, "qty": 434.332924, "side": "sell", "trade_id": "SOLUSDT-1000634"}
{"event_ts": "2026-06-27T10:45:32.098Z", "symbol": "SOLUSDT", "price": 143.44, "qty": 374.949461, "side": "sell", "trade_id": "SOLUSDT-1000635"}
{"event_ts": "2026-06-27T10:45:26.405Z", "symbol": "SOLUSDT", "price": 143.43, "qty": 338.950495, "side": "buy", "trade_id": "SOLUSDT-1000636"}
{"event_ts": "2026-06-27T10:45:06.144Z", "symbol": "SOLUSDT", "price": 143.48, "qty": 134.511346, "side": "sell", "trade_id": "SOLUSDT-1000637"}
{"event_ts": "2026-06-27T10:45:19.993Z", "symbol": "SOLUSDT", "price": 143.35, "qty": 169.782715, "side": "sell", "trade_id": "SOLUSDT-1000638"}
{"event_ts": "2026-06-27T10:45:19.540Z", "symbol": "SOLUSDT", "price": 143.29, "qty": 300.294263, "side": "sell", "trade_id": "SOLUSDT-1000639"}
{"event_ts": "2026-06-27T10:45:30.842Z", "symbol": "SOLUSDT", "price": 143.19, "qty": 301.366243, "side": "buy", "trade_id": "SOLUSDT-1000640"}
