{"event_ts": "2026-06-27T10:04:04.792Z", "symbol": "BTCUSDT", "price": 60937.37, "qty": 0.028492, "side": "sell", "trade_id": "BTCUSDT-1000057"}
{"event_ts": "2026-06-27T10:04:28.642Z", "symbol": "BTCUSDT", "price": 60926.58, "qty": 0.027521, "side": "buy", "trade_id": "BTCUSDT-1000058"}
{"event_ts": "2026-06-27T10:04:49.671Z", "symbol": "BTCUSDT", "price": 60939.12, "qty": 0.02854, "side": "sell", "trade_id": "BTCUSDT-1000059"}
{"event_ts": "2026-06-27T10:04:46.447Z", "symbol": "BTCUSDT", "price": 60944.25, "qty": 0.048142, "side": "sell", "trade_id": "BTCUSDT-1000060"}
{"event_ts": "2026-06-27T10:04:47.472Z", "symbol": "BTCUSDT", "price": 60953.96, "qty": 0.031043, "side": "buy", "trade_id": "BTCUSDT-1000061"}
{"event_ts": "2026-06-27T10:04:17.148Z", "symbol": "BTCUSDT", "price": 60958.11, "qty": 0.035455, "side": "buy", "trade_id": "BTCUSDT-1000062"}
{"event_ts": "2026-06-27T10:04:21.182Z", "symbol": "BTCUSDT", "price": 60963.52, "qty": 0.001478, "side": "sell", "trade_id": "BTCUSDT-1000063"}
{"event_ts": "2026-06-27T10:04:13.792Z", "symbol": "BTCUSDT", "price": 60955.35, "qty": 0.02467, "side": "sell", "trade_id": "BTCUSDT-1000064"}
{"event_ts": "2026-06-27T10:04:22.096Z", "symbol": "BTCUSDT", "price": 60949.19, "qty": 0.006906, "side": "sell", "trade_id": "BTCUSDT-1000065"}
{"event_ts": "2026-06-27T10:04:32.527Z", "symbol": "BTCUSDT", "price": 60968.96, "qty": 0.03966, "side": "buy", "trade_id": "BTCUSDT-1000066"}
{"event_ts": "2026-06-27T10:04:51.139Z", "symbol": "BTCUSDT", "price": 60982.82, "qty": 0.026057, "side": "sell", "trade_id": "BTCUSDT-1000067"}
{"event_ts": "2026-06-27T10:04:49.296Z", "symbol": "BTCUSDT", "price": 60976.02, "qty": 0.009676, "side": "sell", "trade_id": "BTCUSDT-1000068"}
{"event_ts": "2026-06-27T10:04:55.737Z", "symbol": "BTCUSDT", "price": 60962.26, "qty": 0.045263, "side": "buy", "trade_id": "BTCUSDT-1000069"}
{"event_ts": "2026-06-27T10:04:51.832Z", "symbol": "BTCUSDT", "price": 60938.13, "qty": 0.038003, "side": "sell", "trade_id": "BTCUSDT-1000070"}
{"event_ts": "2026-06-27T10:04:12.158Z", "symbol": "BTCUSDT", "price": 60956.86, "qty": 0.037005, "side": "sell", "trade_id": "BTCUSDT-1000071"}
{"event_ts": "2026-06-27T10:04:55.676Z", "symbol": "BTCUSDT", "price": 60944.79, "qty": 0.018287, "side": "buy", "trade_id": "BTCUSDT-1000072"}
{"event_ts": "2026-06-27T10:04:39.624Z", "symbol": "BTCUSDT", "price": 60946.52, "qty": 0.048042, "side": "sell", "trade_id": "BTCUSDT-1000073"}
{"event_ts": "2026-06-27T10:04:12.747Z", "symbol": "ETHUSDT", "price": 3402.14, "qty": 0.263234, "side": "sell", "trade_id": "ETHUSDT-1000060"}
{"event_ts": "2026-06-27T10:04:43.894Z", "symbol": "ETHUSDT", "price": 3400.77, "qty": 0.182062, "side": "sell", "trade_id": "ETHUSDT-1000061"}
{"event_ts": "2026-06-27T10:04:27.488Z", "symbol": "ETHUSDT", "price": 3401.31, "qty": 0.066828, "side": "buy", "trade_id": "ETHUSDT-1000062"}
{"event_ts": "2026-06-27T10:04:19.966Z", "symbol": "ETHUSDT", "price": 3401.32, "qty": 0.013021, "side": "buy", "trade_id": "ETHUSDT-1000063"}
{"event_ts": "2026-06-27T10:04:52.884Z", "symbol": "ETHUSDT", "price": 3400.64, "qty": 0.271039, "side": "sell", "trade_id": "ETHUSDT-1000064"}
{"event_ts": "2026-06-27T10:04:49.958Z", "symbol": "ETHUSDT", "price": 3401.34, "qty": 0.460499, "side": "sell", "trade_id": "ETHUSDT-1000065"}
{"event_ts": "2026-06-27T10:04:54.050Z", "symbol": "ETHUSDT", "price": 3400.16, "qty": 0.244433, "side": "buy", "trade_id": "ETHUSDT-1000066"}
{"event_ts": "2026-06-27T10:04:09.651Z", "symbol": "ETHUSDT", "price": 3399.05, "qty": 0.444039, "side": "sell", "trade_id": "ETHUSDT-1000067"}
{"event_ts": "2026-06-27T10:04:55.379Z", "symbol": "ETHUSDT", "price": 3399.83, "qty": 0.087643, "side": "sell", "trade_id": "ETHUSDT-1000068"}
{"event_ts": "2026-06-27T10:04:04.065Z", "symbol": "ETHUSDT", "price": 3399.79, "qty": 0.254458, "side": "buy", "trade_id": "ETHUSDT-1000069"}
{"event_ts": "2026-06-27T10:04:01.919Z", "symbol": "ETHUSDT", "price": 3398.72, "qty": 0.082437, "side": "sell", "trade_id": "ETHUSDT-1000070"}
{"event_ts": "2026-06-27T10:04:59.831Z", "symbol": "ETHUSDT", "price": 3399.46, "qty": 0.036208, "side": "buy", "trade_id": "ETHUSDT-1000071"}
{"event_ts": "2026-06-27T10:04:48.614Z", "symbol": "ETHUSDT", "price": 3399.29, "qty": 0.364291, "side": "sell", "trade_id": "ETHUSDT-1000072"}
{"event_ts": "2026-06-27T10:04:10.591Z", "symbol": "ETHUSDT", "price": 3397.95, "qty": 0.212474, "side": "sell", "trade_id": "ETHUSDT-1000073"}
{"event_ts": "2026-06-27T10:04:11.659Z", "symbol": "ETHUSDT", "price": 3397.87, "qty": 0.291059, "side": "buy", "trade_id": "ETHUSDT-1000074"}
{"event_ts": "2026-06-27T10:04:06.835Z", "symbol": "ETHUSDT", "price": 3399.06, "qty": 0.392892, "side": "sell", "trade_id": "ETHUSDT-1000075"}
{"event_ts": "2026-06-27T10:04:43.632Z", "symbol": "SOLUSDT", "price": 146.02, "qty": 39.597048, "side": "sell", "trade_id": "SOLUSDT-1000055"}
{"event_ts": "2026-06-27T10:04:53.631Z", "symbol": "SOLUSDT", "price": 146.04, "qty": 32.603335, "side": "buy", "trade_id": "SOLUSDT-1000056"}
{"event_ts": "2026-06-27T10:04:37.900Z", "symbol": "SOLUSDT", "price": 146.14, "qty": 35.346355, "side": "buy", "trade_id": "SOLUSDT-1000057"}
{"event_ts": "2026-06-27T10:04:25.058Z", "symbol": "SOLUSDT", "price": 146.04, "qty": 6.524371, "side": "buy", "trade_id": "SOLUSDT-1000058"}
{"event_ts": "2026-06-27T10:04:25.404Z", "symbol": "SOLUSDT", "price": 145.99, "qty": 34.229169, "side": "sell", "trade_id": "SOLUSDT-1000059"}
{"event_ts": "2026-06-27T10:04:54.084Z", "symbol": "SOLUSDT", "price": 145.86, "qty": 28.994536, "side": "buy", "trade_id": "SOLUSDT-1000060"}
{"event_ts": "2026-06-27T10:04:18.909Z", "symbol": "SOLUSDT", "price": 145.76, "qty": 13.03066, "side": "sell", "trade_id": "SOLUSDT-1000061"}
{"event_ts": "2026-06-27T10:04:55.802Z", "symbol": "SOLUSDT", "price": 145.88, "qty": 13.460751, "side": "sell", "trade_id": "SOLUSDT-1000062"}
{"event_ts": "2026-06-27T10:04:44.243Z", "symbol": "SOLUSDT", "price": 145.81, "qty": 20.856088, "side": "buy", "trade_id": "SOLUSDT-1000063"}
{"event_ts": "2026-06-27T10:04:39.872Z", "symbol": "SOLUSDT", "price": 145.94, "qty": 35.620607, "side": "sell", "trade_id": "SOLUSDT-1000064"}
{"event_ts": "2026-06-27T10:04:09.783Z", "symbol": "SOLUSDT", "price": 145.89, "qty": 32.689335, "side": "sell", "trade_id": "SOLUSDT-1000065"}
{"event_ts": "2026-06-27T10:04:34.866Z", "symbol": "SOLUSDT", "price": 145.94, "qty": 16.921442, "side": "buy", "trade_id": "SOLUSDT-1000066"}
{"event_ts": "2026-06-27T10:04:33.851Z", "symbol": "SOLUSDT", "price": 145.94, "qty": 32.635373, "side": "sell", "trade_id": "SOLUSDT-1000067"}
{"event_ts": "2026-06-27T10:04:09.839Z", "symbol": "SOLUSDT", "price": 145.93, "qty": 39.891372, "side": "buy", "trade_id": "SOLUSDT-1000068"}
{"event_ts": "2026-06-27T10:04:29.011Z", "symbol": "SOLUSDT", "price": 145.87, "qty": 10.101476, "side": "sell", "trade_id": "SOLUSDT-1000069"}
{"event_ts": "2026-06-27T10:04:12.845Z", "symbol": "SOLUSDT", "price": 145.81, "qty": 9.726647, "side": "buy", "trade_id": "SOLUSDT-1000070"}
{"event_ts": "2026-06-27T10:04:08.875Z", "symbol": "SOLUSDT", "price": 145.83, "qty": 32.484138, "side": "sell", "trade_id": "SOLUSDT-1000071"}
{"event_ts": "2026-06-27T10:04:25.341Z", "symbol": "SOLUSDT", "price": 145.95, "qty": 15.02295, "side": "sell", "trade_id": "SOLUSDT-1000072"}
{"event_ts": "2026-06-27T10:04:37.293Z", "symbol": "SOLUSDT", "price": 146.0, "qty": 34.911227, "side": "buy", "trade_id": "SOLUSDT-1000073"}
