{"event_ts": "2026-06-27T10:07:11.426Z", "symbol": "BTCUSDT", "price": 60998.12, "qty": 0.030741, "side": "sell", "trade_id": "BTCUSDT-1000110"}
{"event_ts": "2026-06-27T10:07:00.117Z", "symbol": "BTCUSDT", "price": 61018.91, "qty": 0.029639, "side": "buy", "trade_id": "BTCUSDT-1000111"}
{"event_ts": "2026-06-27T10:07:00.020Z", "symbol": "BTCUSDT", "price": 60997.4, "qty": 0.033277, "side": "buy", "trade_id": "BTCUSDT-1000112"}
{"event_ts": "2026-06-27T10:07:44.872Z", "symbol": "BTCUSDT", "price": 60986.11, "qty": 0.038816, "side": "sell", "trade_id": "BTCUSDT-1000113"}
{"event_ts": "2026-06-27T10:07:51.824Z", "symbol": "BTCUSDT", "price": 60989.88, "qty": 0.046854, "side": "buy", "trade_id": "BTCUSDT-1000114"}
{"event_ts": "2026-06-27T10:07:41.401Z", "symbol": "BTCUSDT", "price": 60971.55, "qty": 0.020773, "side": "buy", "trade_id": "BTCUSDT-1000115"}
{"event_ts": "2026-06-27T10:07:49.953Z", "symbol": "BTCUSDT", "price": 60972.14, "qty": 0.037104, "side": "sell", "trade_id": "BTCUSDT-1000116"}
{"event_ts": "2026-06-27T10:07:46.655Z", "symbol": "BTCUSDT", "price": 60988.08, "qty": 0.045558, "side": "sell", "trade_id": "BTCUSDT-1000117"}
{"event_ts": "2026-06-27T10:07:15.513Z", "symbol": "BTCUSDT", "price": 60982.16, "qty": 0.012366, "side": "sell", "trade_id": "BTCUSDT-1000118"}
{"event_ts": "2026-06-27T10:07:17.906Z", "symbol": "BTCUSDT", "price": 60970.94, "qty": 0.038393, "side": "buy", "trade_id": "BTCUSDT-1000119"}
{"event_ts": "2026-06-27T10:07:28.580Z", "symbol": "BTCUSDT", "price": 60976.72, "qty": 0.032712, "side": "sell", "trade_id": "BTCUSDT-1000120"}
{"event_ts": "2026-06-27T10:07:57.043Z", "symbol": "ETHUSDT", "price": 3400.54, "qty": 0.106964, "side": "sell", "trade_id": "ETHUSDT-1000094"}
{"event_ts": "2026-06-27T10:07:42.010Z", "symbol": "ETHUSDT", "price": 3398.83, "qty": 0.474443, "side": "buy", "trade_id": "ETHUSDT-1000095"}
{"event_ts": "2026-06-27T10:07:33.550Z", "symbol": "ETHUSDT", "price": 3399.61, "qty": 0.213433, "side": "sell", "trade_id": "ETHUSDT-1000096"}
{"event_ts": "2026-06-27T10:07:02.034Z", "symbol": "ETHUSDT", "price": 3401.31, "qty": 0.18075, "side": "buy", "trade_id": "ETHUSDT-1000097"}
{"event_ts": "2026-06-27T10:07:36.144Z", "symbol": "ETHUSDT", "price": 3399.42, "qty": 0.144724, "side": "buy", "trade_id": "ETHUSDT-1000098"}
{"event_ts": "2026-06-27T10:07:56.459Z", "symbol": "ETHUSDT", "price": 3400.36, "qty": 0.056173, "side": "buy", "trade_id": "ETHUSDT-1000099"}
{"event_ts": "2026-06-27T10:07:55.631Z", "symbol": "ETHUSDT", "price": 3400.5, "qty": 0.414342, "side": "buy", "trade_id": "ETHUSDT-1000100"}
{"event_ts": "2026-06-27T10:07:53.701Z", "symbol": "ETHUSDT", "price": 3400.06, "qty": 0.1754, "side": "buy", "trade_id": "ETHUSDT-1000101"}
{"event_ts": "2026-06-27T10:07:13.442Z", "symbol": "ETHUSDT", "price": 3400.71, "qty": 0.302712, "side": "sell", "trade_id": "ETHUSDT-1000102"}
{"event_ts": "2026-06-27T10:07:21.567Z", "symbol": "ETHUSDT", "price": 3399.29, "qty": 0.296951, "side": "buy", "trade_id": "ETHUSDT-1000103"}
{"event_ts": "2026-06-27T10:07:07.820Z", "symbol": "ETHUSDT", "price": 3400.13, "qty": 0.108918, "side": "sell", "trade_id": "ETHUSDT-1000104"}
{"event_ts": "2026-06-27T10:07:22.038Z", "symbol": "ETHUSDT", "price": 3399.06, "qty": 0.477721, "side": "sell", "trade_id": "ETHUSDT-1000105"}
{"event_ts": "2026-06-27T10:07:18.353Z", "symbol": "ETHUSDT", "price": 3398.92, "qty": 0.08378, "side": "buy", "trade_id": "ETHUSDT-1000106"}
{"event_ts": "2026-06-27T10:07:27.548Z", "symbol": "ETHUSDT", "price": 3398.45, "qty": 0.017382, "side": "buy", "trade_id": "ETHUSDT-1000107"}
{"event_ts": "2026-06-27T10:07:58.722Z", "symbol": "ETHUSDT", "price": 3400.2, "qty": 0.481352, "side": "sell", "trade_id": "ETHUSDT-1000108"}
{"event_ts": "2026-06-27T10:07:38.318Z", "symbol": "ETHUSDT", "price": 3398.44, "qty": 0.499825, "side": "sell", "trade_id": "ETHUSDT-1000109"}
{"event_ts": "2026-06-27T10:07:36.539Z", "symbol": "ETHUSDT", "price": 3398.03, "qty": 0.233805, "side": "sell", "trade_id": "ETHUSDT-1000110"}
{"event_ts": "2026-06-27T10:07:45.852Z", "symbol": "SOLUSDT", "price": 145.03, "qty": 10.91719, "side": "sell", "trade_id": "SOLUSDT-1000100"}
{"event_ts": "2026-06-27T10:07:15.031Z", "symbol": "SOLUSDT", "price": 144.98, "qty": 15.42295, "side": "sell", "trade_id": "SOLUSDT-1000101"}
{"event_ts": "2026-06-27T10:07:03.561Z", "symbol": "SOLUSDT", "price": 145.1, "qty": 12.416511, "side": "buy", "trade_id": "SOLUSDT-1000102"}
{"event_ts": "2026-06-27T10:07:56.969Z", "symbol": "SOLUSDT", "price": 144.96, "qty": 4.971019, "side": "sell", "trade_id": "SOLUSDT-1000103"}
{"event_ts": "2026-06-27T10:07:42.078Z", "symbol": "SOLUSDT", "price": 144.85, "qty": 24.301956, "side": "sell", "trade_id": "SOLUSDT-1000104"}
{"event_ts": "2026-06-27T10:07:40.558Z", "symbol": "SOLUSDT", "price": 144.97, "qty": 23.515879, "side": "sell", "trade_id": "SOLUSDT-1000105"}
{"event_ts": "2026-06-27T10:07:23.664Z", "symbol": "SOLUSDT", "price": 144.82, "qty": 8.138529, "side": "buy", "trade_id": "SOLUSDT-1000106"}
{"event_ts": "2026-06-27T10:07:09.049Z", "symbol": "SOLUSDT", "price": 144.84, "qty": 18.802148, "side": "sell", "trade_id": "SOLUSDT-1000107"}
{"event_ts": "2026-06-27T10:07:56.859Z", "symbol": "SOLUSDT", "price": 144.72, "qty": 23.332523, "side": "buy", "trade_id": "SOLUSDT-1000108"}
{"event_ts": "2026-06-27T10:07:45.384Z", "symbol": "SOLUSDT", "price": 144.63, "qty": 36.959981, "side": "sell", "trade_id": "SOLUSDT-1000109"}
{"event_ts": "2026-06-27T10:07:10.000Z", "symbol": null, "price": 144.5, "qty": 12.5, "side": "buy", "trade_id": "SOLUSDT-9000002"}
