{"event_ts": "2026-06-27T10:28:38.730Z", "symbol": "BTCUSDT", "price": 61102.51, "qty": 0.008811, "side": "sell", "trade_id": "BTCUSDT-1000411"}
{"event_ts": "2026-06-27T10:28:15.053Z", "symbol": "BTCUSDT", "price": 61082.17, "qty": 0.001172, "side": "sell", "trade_id": "BTCUSDT-1000412"}
{"event_ts": "2026-06-27T10:28:15.820Z", "symbol": "BTCUSDT", "price": 61095.88, "qty": 0.043147, "side": "buy", "trade_id": "BTCUSDT-1000413"}
{"event_ts": "2026-06-27T10:28:56.274Z", "symbol": "BTCUSDT", "price": 61105.08, "qty": 0.047669, "side": "sell", "trade_id": "BTCUSDT-1000414"}
{"event_ts": "2026-06-27T10:28:33.927Z", "symbol": "BTCUSDT", "price": 61096.01, "qty": 0.011443, "side": "sell", "trade_id": "BTCUSDT-1000415"}
{"event_ts": "2026-06-27T10:28:54.514Z", "symbol": "BTCUSDT", "price": 61102.79, "qty": 0.024704, "side": "sell", "trade_id": "BTCUSDT-1000416"}
{"event_ts": "2026-06-27T10:28:56.211Z", "symbol": "BTCUSDT", "price": 61085.33, "qty": 0.042861, "side": "buy", "trade_id": "BTCUSDT-1000417"}
{"event_ts": "2026-06-27T10:28:28.183Z", "symbol": "BTCUSDT", "price": 61062.17, "qty": 0.004236, "side": "sell", "trade_id": "BTCUSDT-1000418"}
{"event_ts": "2026-06-27T10:28:56.740Z", "symbol": "BTCUSDT", "price": 61056.96, "qty": 0.004671, "side": "sell", "trade_id": "BTCUSDT-1000419"}
{"event_ts": "2026-06-27T10:28:07.113Z", "symbol": "BTCUSDT", "price": 61061.54, "qty": 0.042414, "side": "sell", "trade_id": "BTCUSDT-1000420"}
{"event_ts": "2026-06-27T10:28:02.335Z", "symbol": "BTCUSDT", "price": 61074.97, "qty": 0.034099, "side": "sell", "trade_id": "BTCUSDT-1000421"}
{"event_ts": "2026-06-27T10:28:32.569Z", "symbol": "BTCUSDT", "price": 61063.94, "qty": 0.031196, "side": "sell", "trade_id": "BTCUSDT-1000422"}
{"event_ts": "2026-06-27T10:28:50.222Z", "symbol": "BTCUSDT", "price": 61050.36, "qty": 0.036149, "side": "buy", "trade_id": "BTCUSDT-1000423"}
{"event_ts": "2026-06-27T10:28:49.064Z", "symbol": "BTCUSDT", "price": 61040.01, "qty": 0.048396, "side": "buy", "trade_id": "BTCUSDT-1000424"}
{"event_ts": "2026-06-27T10:28:58.607Z", "symbol": "BTCUSDT", "price": 61033.49, "qty": 0.044572, "side": "sell", "trade_id": "BTCUSDT-1000425"}
{"event_ts": "2026-06-27T10:28:00.268Z", "symbol": "ETHUSDT", "price": 3390.33, "qty": 0.260284, "side": "sell", "trade_id": "ETHUSDT-1000366"}
{"event_ts": "2026-06-27T10:28:45.515Z", "symbol": "ETHUSDT", "price": 3389.47, "qty": 0.058859, "side": "sell", "trade_id": "ETHUSDT-1000367"}
{"event_ts": "2026-06-27T10:28:58.306Z", "symbol": "ETHUSDT", "price": 3390.34, "qty": 0.058607, "side": "buy", "trade_id": "ETHUSDT-1000368"}
{"event_ts": "2026-06-27T10:28:53.850Z", "symbol": "ETHUSDT", "price": 3388.45, "qty": 0.21052, "side": "buy", "trade_id": "ETHUSDT-1000369"}
{"event_ts": "2026-06-27T10:28:38.685Z", "symbol": "ETHUSDT", "price": 3387.37, "qty": 0.209024, "side": "sell", "trade_id": "ETHUSDT-1000370"}
{"event_ts": "2026-06-27T10:28:59.006Z", "symbol": "ETHUSDT", "price": 3388.62, "qty": 0.372615, "side": "buy", "trade_id": "ETHUSDT-1000371"}
{"event_ts": "2026-06-27T10:28:49.650Z", "symbol": "ETHUSDT", "price": 3387.87, "qty": 0.026329, "side": "buy", "trade_id": "ETHUSDT-1000372"}
{"event_ts": "2026-06-27T10:28:34.641Z", "symbol": "ETHUSDT", "price": 3388.21, "qty": 0.20809, "side": "sell", "trade_id": "ETHUSDT-1000373"}
{"event_ts": "2026-06-27T10:28:55.026Z", "symbol": "ETHUSDT", "price": 3389.57, "qty": 0.409207, "side": "sell", "trade_id": "ETHUSDT-1000374"}
{"event_ts": "2026-06-27T10:28:34.324Z", "symbol": "ETHUSDT", "price": 3388.65, "qty": 0.328743, "side": "buy", "trade_id": "ETHUSDT-1000375"}
{"event_ts": "2026-06-27T10:28:45.059Z", "symbol": "ETHUSDT", "price": 3388.36, "qty": 0.306234, "side": "buy", "trade_id": "ETHUSDT-1000376"}
{"event_ts": "2026-06-27T10:28:44.159Z", "symbol": "ETHUSDT", "price": 3389.32, "qty": 0.027402, "side": "sell", "trade_id": "ETHUSDT-1000377"}
{"event_ts": "2026-06-27T10:28:33.997Z", "symbol": "ETHUSDT", "price": 3389.85, "qty": 0.050121, "side": "buy", "trade_id": "ETHUSDT-1000378"}
{"event_ts": "2026-06-27T10:28:54.605Z", "symbol": "ETHUSDT", "price": 3388.58, "qty": 0.163841, "side": "sell", "trade_id": "ETHUSDT-1000379"}
{"event_ts": "2026-06-27T10:28:00.991Z", "symbol": "ETHUSDT", "price": 3389.13, "qty": 0.104845, "side": "buy", "trade_id": "ETHUSDT-1000380"}
{"event_ts": "2026-06-27T10:28:36.517Z", "symbol": "ETHUSDT", "price": 3389.23, "qty": 0.448305, "side": "buy", "trade_id": "ETHUSDT-1000381"}
{"event_ts": "2026-06-27T10:28:16.390Z", "symbol": "ETHUSDT", "price": 3391.08, "qty": 0.030588, "side": "buy", "trade_id": "ETHUSDT-1000382"}
{"event_ts": "2026-06-27T10:28:41.053Z", "symbol": "ETHUSDT", "price": 3392.58, "qty": 0.083074, "side": "sell", "trade_id": "ETHUSDT-1000383"}
{"event_ts": "2026-06-27T10:28:39.260Z", "symbol": "SOLUSDT", "price": 142.74, "qty": 37.137083, "side": "sell", "trade_id": "SOLUSDT-1000384"}
{"event_ts": "2026-06-27T10:28:33.442Z", "symbol": "SOLUSDT", "price": 142.69, "qty": 7.461513, "side": "buy", "trade_id": "SOLUSDT-1000385"}
{"event_ts": "2026-06-27T10:28:44.807Z", "symbol": "SOLUSDT", "price": 142.82, "qty": 14.847171, "side": "sell", "trade_id": "SOLUSDT-1000386"}
{"event_ts": "2026-06-27T10:28:36.603Z", "symbol": "SOLUSDT", "price": 142.72, "qty": 19.455829, "side": "sell", "trade_id": "SOLUSDT-1000387"}
{"event_ts": "2026-06-27T10:28:19.410Z", "symbol": "SOLUSDT", "price": 142.82, "qty": 21.839899, "side": "sell", "trade_id": "SOLUSDT-1000388"}
{"event_ts": "2026-06-27T10:28:09.710Z", "symbol": "SOLUSDT", "price": 142.81, "qty": 39.490527, "side": "buy", "trade_id": "SOLUSDT-1000389"}
{"event_ts": "2026-06-27T10:28:10.711Z", "symbol": "SOLUSDT", "price": 142.78, "qty": 18.430904, "side": "buy", "trade_id": "SOLUSDT-1000390"}
{"event_ts": "2026-06-27T10:28:15.525Z", "symbol": "SOLUSDT", "price": 142.73, "qty": 22.587216, "side": "sell", "trade_id": "SOLUSDT-1000391"}
{"event_ts": "2026-06-27T10:28:30.888Z", "symbol": "SOLUSDT", "price": 142.84, "qty": 17.612101, "side": "buy", "trade_id": "SOLUSDT-1000392"}
{"event_ts": "2026-06-27T10:28:58.156Z", "symbol": "SOLUSDT", "price": 142.81, "qty": 27.649964, "side": "buy", "trade_id": "SOLUSDT-1000393"}
{"event_ts": "2026-06-27T10:28:33.095Z", "symbol": "SOLUSDT", "price": 142.8, "qty": 6.816492, "side": "sell", "trade_id": "SOLUSDT-1000394"}
{"event_ts": "2026-06-27T10:28:27.207Z", "symbol": "SOLUSDT", "price": 142.76, "qty": 31.746781, "side": "sell", "trade_id": "SOLUSDT-1000395"}
{"event_ts": "2026-06-27T10:28:41.428Z", "symbol": "SOLUSDT", "price": 142.85, "qty": 23.690252, "side": "sell", "trade_id": "SOLUSDT-1000396"}
{"event_ts": "2026-06-27T10:28:54.163Z", "symbol": "SOLUSDT", "price": 142.77, "qty": 10.577667, "side": "buy", "trade_id": "SOLUSDT-1000397"}
