{"event_ts": "2026-06-27T10:20:26.960Z", "symbol": "BTCUSDT", "price": 60904.35, "qty": 0.018271, "side": "sell", "trade_id": "BTCUSDT-1000299"}
{"event_ts": "2026-06-27T10:20:44.501Z", "symbol": "BTCUSDT", "price": 60914.42, "qty": 0.025162, "side": "buy", "trade_id": "BTCUSDT-1000300"}
{"event_ts": "2026-06-27T10:20:21.993Z", "symbol": "BTCUSDT", "price": 60934.34, "qty": 0.023166, "side": "sell", "trade_id": "BTCUSDT-1000301"}
{"event_ts": "2026-06-27T10:20:58.284Z", "symbol": "BTCUSDT", "price": 60943.09, "qty": 0.028277, "side": "sell", "trade_id": "BTCUSDT-1000302"}
{"event_ts": "2026-06-27T10:20:55.320Z", "symbol": "BTCUSDT", "price": 60962.42, "qty": 0.040383, "side": "buy", "trade_id": "BTCUSDT-1000303"}
{"event_ts": "2026-06-27T10:20:59.914Z", "symbol": "BTCUSDT", "price": 60959.25, "qty": 0.003815, "side": "buy", "trade_id": "BTCUSDT-1000304"}
{"event_ts": "2026-06-27T10:20:53.439Z", "symbol": "BTCUSDT", "price": 60951.9, "qty": 0.01019, "side": "buy", "trade_id": "BTCUSDT-1000305"}
{"event_ts": "2026-06-27T10:20:01.304Z", "symbol": "BTCUSDT", "price": 60945.56, "qty": 0.023744, "side": "buy", "trade_id": "BTCUSDT-1000306"}
{"event_ts": "2026-06-27T10:20:26.295Z", "symbol": "BTCUSDT", "price": 60954.98, "qty": 0.044994, "side": "buy", "trade_id": "BTCUSDT-1000307"}
{"event_ts": "2026-06-27T10:20:13.546Z", "symbol": "BTCUSDT", "price": 60953.47, "qty": 0.027584, "side": "sell", "trade_id": "BTCUSDT-1000308"}
{"event_ts": "2026-06-27T10:20:19.012Z", "symbol": "BTCUSDT", "price": 60950.71, "qty": 0.037894, "side": "buy", "trade_id": "BTCUSDT-1000309"}
{"event_ts": "2026-06-27T10:20:14.172Z", "symbol": "BTCUSDT", "price": 60965.03, "qty": 0.02894, "side": "sell", "trade_id": "BTCUSDT-1000310"}
{"event_ts": "2026-06-27T10:20:06.320Z", "symbol": "BTCUSDT", "price": 60986.3, "qty": 0.008715, "side": "buy", "trade_id": "BTCUSDT-1000311"}
{"event_ts": "2026-06-27T10:20:44.772Z", "symbol": "BTCUSDT", "price": 60971.8, "qty": 0.023052, "side": "buy", "trade_id": "BTCUSDT-1000312"}
{"event_ts": "2026-06-27T10:20:10.897Z", "symbol": "ETHUSDT", "price": 3378.24, "qty": 0.402764, "side": "buy", "trade_id": "ETHUSDT-1000257"}
{"event_ts": "2026-06-27T10:20:50.995Z", "symbol": "ETHUSDT", "price": 3377.96, "qty": 0.399861, "side": "buy", "trade_id": "ETHUSDT-1000258"}
{"event_ts": "2026-06-27T10:20:13.599Z", "symbol": "ETHUSDT", "price": 3376.18, "qty": 0.469188, "side": "sell", "trade_id": "ETHUSDT-1000259"}
{"event_ts": "2026-06-27T10:20:14.971Z", "symbol": "ETHUSDT", "price": 3377.05, "qty": 0.111622, "side": "sell", "trade_id": "ETHUSDT-1000260"}
{"event_ts": "2026-06-27T10:20:06.467Z", "symbol": "ETHUSDT", "price": 3376.13, "qty": 0.11941, "side": "buy", "trade_id": "ETHUSDT-1000261"}
{"event_ts": "2026-06-27T10:20:45.701Z", "symbol": "ETHUSDT", "price": 3377.48, "qty": 0.280339, "side": "buy", "trade_id": "ETHUSDT-1000262"}
{"event_ts": "2026-06-27T10:20:40.915Z", "symbol": "ETHUSDT", "price": 3378.68, "qty": 0.073666, "side": "sell", "trade_id": "ETHUSDT-1000263"}
{"event_ts": "2026-06-27T10:20:51.487Z", "symbol": "ETHUSDT", "price": 3377.44, "qty": 0.027672, "side": "buy", "trade_id": "ETHUSDT-1000264"}
{"event_ts": "2026-06-27T10:20:53.653Z", "symbol": "ETHUSDT", "price": 3377.53, "qty": 0.420856, "side": "sell", "trade_id": "ETHUSDT-1000265"}
{"event_ts": "2026-06-27T10:20:16.041Z", "symbol": "ETHUSDT", "price": 3376.06, "qty": 0.090316, "side": "buy", "trade_id": "ETHUSDT-1000266"}
{"event_ts": "2026-06-27T10:20:01.732Z", "symbol": "ETHUSDT", "price": 3375.41, "qty": 0.45643, "side": "sell", "trade_id": "ETHUSDT-1000267"}
{"event_ts": "2026-06-27T10:20:07.347Z", "symbol": "ETHUSDT", "price": 3375.77, "qty": 0.492643, "side": "buy", "trade_id": "ETHUSDT-1000268"}
{"event_ts": "2026-06-27T10:20:50.494Z", "symbol": "ETHUSDT", "price": 3376.0, "qty": 0.444313, "side": "sell", "trade_id": "ETHUSDT-1000269"}
{"event_ts": "2026-06-27T10:20:17.851Z", "symbol": "ETHUSDT", "price": 3377.57, "qty": 0.47378, "side": "buy", "trade_id": "ETHUSDT-1000270"}
{"event_ts": "2026-06-27T10:20:58.847Z", "symbol": "ETHUSDT", "price": 3375.65, "qty": 0.268965, "side": "sell", "trade_id": "ETHUSDT-1000271"}
{"event_ts": "2026-06-27T10:20:18.577Z", "symbol": "ETHUSDT", "price": 3375.5, "qty": 0.423404, "side": "buy", "trade_id": "ETHUSDT-1000272"}
{"event_ts": "2026-06-27T10:20:51.635Z", "symbol": "SOLUSDT", "price": 143.73, "qty": 17.831629, "side": "buy", "trade_id": "SOLUSDT-1000268"}
{"event_ts": "2026-06-27T10:20:56.782Z", "symbol": "SOLUSDT", "price": 143.78, "qty": 19.814328, "side": "buy", "trade_id": "SOLUSDT-1000269"}
{"event_ts": "2026-06-27T10:20:36.998Z", "symbol": "SOLUSDT", "price": 143.64, "qty": 32.165409, "side": "buy", "trade_id": "SOLUSDT-1000270"}
{"event_ts": "2026-06-27T10:20:50.903Z", "symbol": "SOLUSDT", "price": 143.72, "qty": 15.346963, "side": "sell", "trade_id": "SOLUSDT-1000271"}
{"event_ts": "2026-06-27T10:20:46.924Z", "symbol": "SOLUSDT", "price": 143.65, "qty": 1.1302, "side": "buy", "trade_id": "SOLUSDT-1000272"}
{"event_ts": "2026-06-27T10:20:26.067Z", "symbol": "SOLUSDT", "price": 143.57, "qty": 34.771093, "side": "buy", "trade_id": "SOLUSDT-1000273"}
{"event_ts": "2026-06-27T10:20:32.448Z", "symbol": "SOLUSDT", "price": 143.59, "qty": 28.222436, "side": "buy", "trade_id": "SOLUSDT-1000274"}
{"event_ts": "2026-06-27T10:20:35.944Z", "symbol": "SOLUSDT", "price": 143.62, "qty": 21.32965, "side": "buy", "trade_id": "SOLUSDT-1000275"}
{"event_ts": "2026-06-27T10:20:36.909Z", "symbol": "SOLUSDT", "price": 143.53, "qty": 2.031925, "side": "buy", "trade_id": "SOLUSDT-1000276"}
{"event_ts": "2026-06-27T10:20:41.300Z", "symbol": "SOLUSDT", "price": 143.41, "qty": 19.793258, "side": "buy", "trade_id": "SOLUSDT-1000277"}
{"event_ts": "2026-06-27T10:20:50.102Z", "symbol": "SOLUSDT", "price": 143.53, "qty": 22.695274, "side": "sell", "trade_id": "SOLUSDT-1000278"}
{"event_ts": "2026-06-27T10:20:08.734Z", "symbol": "SOLUSDT", "price": 143.59, "qty": 23.485421, "side": "sell", "trade_id": "SOLUSDT-1000279"}
{"event_ts": "2026-06-27T10:20:29.950Z", "symbol": "SOLUSDT", "price": 143.67, "qty": 35.609159, "side": "buy", "trade_id": "SOLUSDT-1000280"}
{"event_ts": "2026-06-27T10:20:24.714Z", "symbol": "SOLUSDT", "price": 143.72, "qty": 20.156423, "side": "buy", "trade_id": "SOLUSDT-1000281"}
{"event_ts": "2026-06-27T10:20:41.615Z", "symbol": "SOLUSDT", "price": 143.81, "qty": 31.499513, "side": "sell", "trade_id": "SOLUSDT-1000282"}
{"event_ts": "2026-06-27T10:20:32.626Z", "symbol": "SOLUSDT", "price": 143.88, "qty": 1.714255, "side": "buy", "trade_id": "SOLUSDT-1000283"}
{"event_ts": "2026-06-27T10:20:14.826Z", "symbol": "SOLUSDT", "price": 143.84, "qty": 8.964125, "side": "sell", "trade_id": "SOLUSDT-1000284"}
{"event_ts": "2026-06-27T10:20:39.375Z", "symbol": "SOLUSDT", "price": 143.94, "qty": 1.841992, "side": "sell", "trade_id": "SOLUSDT-1000285"}
{"event_ts": "2026-06-27T10:20:56.436Z", "symbol": "SOLUSDT", "price": 143.88, "qty": 8.509446, "side": "buy", "trade_id": "SOLUSDT-1000286"}
{"event_ts": "2026-06-27T10:20:30.000Z", "symbol": null, "price": 61005.0, "qty": 0.02, "side": "sell", "trade_id": "BTCUSDT-9000002"}
