{"event_ts": "2026-06-27T10:12:41.709Z", "symbol": "BTCUSDT", "price": 60964.21, "qty": 0.049702, "side": "buy", "trade_id": "BTCUSDT-1000175"}
{"event_ts": "2026-06-27T10:12:57.470Z", "symbol": "BTCUSDT", "price": 60954.98, "qty": 0.033299, "side": "sell", "trade_id": "BTCUSDT-1000176"}
{"event_ts": "2026-06-27T10:12:06.257Z", "symbol": "BTCUSDT", "price": 60964.0, "qty": 0.037151, "side": "sell", "trade_id": "BTCUSDT-1000177"}
{"event_ts": "2026-06-27T10:12:41.055Z", "symbol": "BTCUSDT", "price": 60959.62, "qty": 0.014222, "side": "sell", "trade_id": "BTCUSDT-1000178"}
{"event_ts": "2026-06-27T10:12:34.372Z", "symbol": "BTCUSDT", "price": 60976.04, "qty": 0.005988, "side": "sell", "trade_id": "BTCUSDT-1000179"}
{"event_ts": "2026-06-27T10:12:48.948Z", "symbol": "BTCUSDT", "price": 60996.94, "qty": 0.042731, "side": "buy", "trade_id": "BTCUSDT-1000180"}
{"event_ts": "2026-06-27T10:12:57.252Z", "symbol": "BTCUSDT", "price": 61014.63, "qty": 0.01996, "side": "buy", "trade_id": "BTCUSDT-1000181"}
{"event_ts": "2026-06-27T10:12:45.824Z", "symbol": "BTCUSDT", "price": 61000.87, "qty": 0.036271, "side": "buy", "trade_id": "BTCUSDT-1000182"}
{"event_ts": "2026-06-27T10:12:21.290Z", "symbol": "BTCUSDT", "price": 60980.03, "qty": 0.024374, "side": "buy", "trade_id": "BTCUSDT-1000183"}
{"event_ts": "2026-06-27T10:12:01.642Z", "symbol": "BTCUSDT", "price": 60960.8, "qty": 0.014005, "side": "buy", "trade_id": "BTCUSDT-1000184"}
{"event_ts": "2026-06-27T10:12:02.849Z", "symbol": "BTCUSDT", "price": 60940.69, "qty": 0.017213, "side": "buy", "trade_id": "BTCUSDT-1000185"}
{"event_ts": "2026-06-27T10:12:49.496Z", "symbol": "BTCUSDT", "price": 60956.69, "qty": 0.049635, "side": "sell", "trade_id": "BTCUSDT-1000186"}
{"event_ts": "2026-06-27T10:12:04.736Z", "symbol": "BTCUSDT", "price": 60974.02, "qty": 0.031473, "side": "buy", "trade_id": "BTCUSDT-1000187"}
{"event_ts": "2026-06-27T10:12:56.488Z", "symbol": "BTCUSDT", "price": 60968.43, "qty": 0.014312, "side": "buy", "trade_id": "BTCUSDT-1000188"}
{"event_ts": "2026-06-27T10:12:32.376Z", "symbol": "BTCUSDT", "price": 60962.03, "qty": 0.003824, "side": "buy", "trade_id": "BTCUSDT-1000189"}
{"event_ts": "2026-06-27T10:12:48.520Z", "symbol": "BTCUSDT", "price": 60956.17, "qty": 0.018549, "side": "sell", "trade_id": "BTCUSDT-1000190"}
{"event_ts": "2026-06-27T10:12:17.156Z", "symbol": "BTCUSDT", "price": 60938.23, "qty": 0.048167, "side": "buy", "trade_id": "BTCUSDT-1000191"}
{"event_ts": "2026-06-27T10:12:54.572Z", "symbol": "ETHUSDT", "price": 3400.02, "qty": 0.404998, "side": "buy", "trade_id": "ETHUSDT-1000158"}
{"event_ts": "2026-06-27T10:12:13.409Z", "symbol": "ETHUSDT", "price": 3399.74, "qty": 0.121198, "side": "buy", "trade_id": "ETHUSDT-1000159"}
{"event_ts": "2026-06-27T10:12:35.434Z", "symbol": "ETHUSDT", "price": 3397.79, "qty": 0.203425, "side": "sell", "trade_id": "ETHUSDT-1000160"}
{"event_ts": "2026-06-27T10:12:19.637Z", "symbol": "ETHUSDT", "price": 3398.09, "qty": 0.395153, "side": "sell", "trade_id": "ETHUSDT-1000161"}
{"event_ts": "2026-06-27T10:12:48.173Z", "symbol": "ETHUSDT", "price": 3398.27, "qty": 0.235922, "side": "buy", "trade_id": "ETHUSDT-1000162"}
{"event_ts": "2026-06-27T10:12:33.396Z", "symbol": "ETHUSDT", "price": 3398.42, "qty": 0.295773, "side": "sell", "trade_id": "ETHUSDT-1000163"}
{"event_ts": "2026-06-27T10:12:23.845Z", "symbol": "ETHUSDT", "price": 3397.42, "qty": 0.194512, "side": "sell", "trade_id": "ETHUSDT-1000164"}
{"event_ts": "2026-06-27T10:12:41.530Z", "symbol": "ETHUSDT", "price": 3396.76, "qty": 0.014124, "side": "sell", "trade_id": "ETHUSDT-1000165"}
{"event_ts": "2026-06-27T10:12:11.584Z", "symbol": "SOLUSDT", "price": 144.36, "qty": 39.468581, "side": "buy", "trade_id": "SOLUSDT-1000160"}
{"event_ts": "2026-06-27T10:12:00.856Z", "symbol": "SOLUSDT", "price": 144.24, "qty": 37.72877, "side": "buy", "trade_id": "SOLUSDT-1000161"}
{"event_ts": "2026-06-27T10:12:12.100Z", "symbol": "SOLUSDT", "price": 144.29, "qty": 10.890596, "side": "buy", "trade_id": "SOLUSDT-1000162"}
{"event_ts": "2026-06-27T10:12:04.515Z", "symbol": "SOLUSDT", "price": 144.25, "qty": 35.751509, "side": "buy", "trade_id": "SOLUSDT-1000163"}
{"event_ts": "2026-06-27T10:12:02.548Z", "symbol": "SOLUSDT", "price": 144.2, "qty": 19.152246, "side": "sell", "trade_id": "SOLUSDT-1000164"}
{"event_ts": "2026-06-27T10:12:55.490Z", "symbol": "SOLUSDT", "price": 144.3, "qty": 25.782982, "side": "buy", "trade_id": "SOLUSDT-1000165"}
{"event_ts": "2026-06-27T10:12:57.174Z", "symbol": "SOLUSDT", "price": 144.38, "qty": 38.282937, "side": "buy", "trade_id": "SOLUSDT-1000166"}
{"event_ts": "2026-06-27T10:12:33.762Z", "symbol": "SOLUSDT", "price": 144.3, "qty": 16.098814, "side": "buy", "trade_id": "SOLUSDT-1000167"}
{"event_ts": "2026-06-27T10:12:22.401Z", "symbol": "SOLUSDT", "price": 144.18, "qty": 19.083061, "side": "sell", "trade_id": "SOLUSDT-1000168"}
{"event_ts": "2026-06-27T10:12:18.664Z", "symbol": "SOLUSDT", "price": 144.12, "qty": 33.555033, "side": "sell", "trade_id": "SOLUSDT-1000169"}
{"event_ts": "2026-06-27T10:12:21.610Z", "symbol": "SOLUSDT", "price": 144.04, "qty": 4.746984, "side": "sell", "trade_id": "SOLUSDT-1000170"}
{"event_ts": "2026-06-27T10:12:04.889Z", "symbol": "SOLUSDT", "price": 143.89, "qty": 20.295294, "side": "sell", "trade_id": "SOLUSDT-1000171"}
{"event_ts": "2026-06-27T10:12:44.147Z", "symbol": "SOLUSDT", "price": 143.84, "qty": 30.715582, "side": "buy", "trade_id": "SOLUSDT-1000172"}
{"event_ts": "2026-06-27T10:12:35.113Z", "symbol": "SOLUSDT", "price": 143.96, "qty": 16.416669, "side": "buy", "trade_id": "SOLUSDT-1000173"}
{"event_ts": "2026-06-27T10:12:30.350Z", "symbol": "SOLUSDT", "price": 143.92, "qty": 9.559768, "side": "buy", "trade_id": "SOLUSDT-1000174"}
{"event_ts": "2026-06-27T10:12:08.517Z", "symbol": "SOLUSDT", "price": 143.84, "qty": 8.530519, "side": "buy", "trade_id": "SOLUSDT-1000175"}
{"event_ts": null, "symbol": "ETHUSDT", "price": 3402.5, "qty": 0.123456, "side": "sell", "trade_id": "ETHUSDT-9000001"}
