{"event_ts": "2026-06-27T10:55:23.456Z", "symbol": "BTCUSDT", "price": 60892.24, "qty": 0.038513, "side": "buy", "trade_id": "BTCUSDT-1000748"}
{"event_ts": "2026-06-27T10:55:50.442Z", "symbol": "BTCUSDT", "price": 60876.28, "qty": 0.018861, "side": "buy", "trade_id": "BTCUSDT-1000749"}
{"event_ts": "2026-06-27T10:55:29.156Z", "symbol": "BTCUSDT", "price": 60886.03, "qty": 0.004026, "side": "buy", "trade_id": "BTCUSDT-1000750"}
{"event_ts": "2026-06-27T10:55:23.205Z", "symbol": "BTCUSDT", "price": 60892.2, "qty": 0.031105, "side": "buy", "trade_id": "BTCUSDT-1000751"}
{"event_ts": "2026-06-27T10:55:51.644Z", "symbol": "BTCUSDT", "price": 60889.78, "qty": 0.049404, "side": "buy", "trade_id": "BTCUSDT-1000752"}
{"event_ts": "2026-06-27T10:55:18.209Z", "symbol": "BTCUSDT", "price": 60883.38, "qty": 0.019662, "side": "sell", "trade_id": "BTCUSDT-1000753"}
{"event_ts": "2026-06-27T10:55:21.493Z", "symbol": "BTCUSDT", "price": 60868.25, "qty": 0.009305, "side": "buy", "trade_id": "BTCUSDT-1000754"}
{"event_ts": "2026-06-27T10:55:11.627Z", "symbol": "BTCUSDT", "price": 60844.32, "qty": 0.026347, "side": "buy", "trade_id": "BTCUSDT-1000755"}
{"event_ts": "2026-06-27T10:55:51.528Z", "symbol": "BTCUSDT", "price": 60831.92, "qty": 0.006223, "side": "buy", "trade_id": "BTCUSDT-1000756"}
{"event_ts": "2026-06-27T10:55:08.852Z", "symbol": "BTCUSDT", "price": 60818.35, "qty": 0.009338, "side": "sell", "trade_id": "BTCUSDT-1000757"}
{"event_ts": "2026-06-27T10:55:10.320Z", "symbol": "BTCUSDT", "price": 60814.37, "qty": 0.04185, "side": "sell", "trade_id": "BTCUSDT-1000758"}
{"event_ts": "2026-06-27T10:55:15.704Z", "symbol": "BTCUSDT", "price": 60827.13, "qty": 0.043442, "side": "buy", "trade_id": "BTCUSDT-1000759"}
{"event_ts": "2026-06-27T10:55:55.356Z", "symbol": "BTCUSDT", "price": 60835.7, "qty": 0.010309, "side": "sell", "trade_id": "BTCUSDT-1000760"}
{"event_ts": "2026-06-27T10:55:19.013Z", "symbol": "BTCUSDT", "price": 60855.38, "qty": 0.021946, "side": "sell", "trade_id": "BTCUSDT-1000761"}
{"event_ts": "2026-06-27T10:55:40.607Z", "symbol": "BTCUSDT", "price": 60871.03, "qty": 0.045559, "side": "buy", "trade_id": "BTCUSDT-1000762"}
{"event_ts": "2026-06-27T10:55:51.541Z", "symbol": "BTCUSDT", "price": 60893.46, "qty": 0.03854, "side": "sell", "trade_id": "BTCUSDT-1000763"}
{"event_ts": "2026-06-27T10:55:42.665Z", "symbol": "BTCUSDT", "price": 60873.67, "qty": 0.035703, "side": "sell", "trade_id": "BTCUSDT-1000764"}
{"event_ts": "2026-06-27T10:55:00.947Z", "symbol": "BTCUSDT", "price": 60865.42, "qty": 0.047135, "side": "sell", "trade_id": "BTCUSDT-1000765"}
{"event_ts": "2026-06-27T10:55:29.472Z", "symbol": "BTCUSDT", "price": 60869.68, "qty": 0.0336, "side": "buy", "trade_id": "BTCUSDT-1000766"}
{"event_ts": "2026-06-27T10:55:25.304Z", "symbol": "BTCUSDT", "price": 60863.47, "qty": 0.033853, "side": "sell", "trade_id": "BTCUSDT-1000767"}
{"event_ts": "2026-06-27T10:55:07.001Z", "symbol": "ETHUSDT", "price": 3365.24, "qty": 0.266932, "side": "buy", "trade_id": "ETHUSDT-1000752"}
{"event_ts": "2026-06-27T10:55:43.531Z", "symbol": "ETHUSDT", "price": 3364.3, "qty": 0.113844, "side": "buy", "trade_id": "ETHUSDT-1000753"}
{"event_ts": "2026-06-27T10:55:37.414Z", "symbol": "ETHUSDT", "price": 3362.31, "qty": 0.126208, "side": "buy", "trade_id": "ETHUSDT-1000754"}
{"event_ts": "2026-06-27T10:55:49.124Z", "symbol": "ETHUSDT", "price": 3360.45, "qty": 0.262204, "side": "sell", "trade_id": "ETHUSDT-1000755"}
{"event_ts": "2026-06-27T10:55:53.889Z", "symbol": "ETHUSDT", "price": 3359.76, "qty": 0.045771, "side": "sell", "trade_id": "ETHUSDT-1000756"}
{"event_ts": "2026-06-27T10:55:11.541Z", "symbol": "ETHUSDT", "price": 3360.52, "qty": 0.207505, "side": "buy", "trade_id": "ETHUSDT-1000757"}
{"event_ts": "2026-06-27T10:55:21.792Z", "symbol": "ETHUSDT", "price": 3362.47, "qty": 0.372187, "side": "buy", "trade_id": "ETHUSDT-1000758"}
{"event_ts": "2026-06-27T10:55:31.145Z", "symbol": "ETHUSDT", "price": 3363.32, "qty": 0.121775, "side": "sell", "trade_id": "ETHUSDT-1000759"}
{"event_ts": "2026-06-27T10:55:38.681Z", "symbol": "ETHUSDT", "price": 3363.08, "qty": 0.36871, "side": "sell", "trade_id": "ETHUSDT-1000760"}
{"event_ts": "2026-06-27T10:55:19.178Z", "symbol": "ETHUSDT", "price": 3362.78, "qty": 0.037494, "side": "buy", "trade_id": "ETHUSDT-1000761"}
{"event_ts": "2026-06-27T10:55:50.381Z", "symbol": "ETHUSDT", "price": 3361.12, "qty": 0.300268, "side": "buy", "trade_id": "ETHUSDT-1000762"}
{"event_ts": "2026-06-27T10:55:39.290Z", "symbol": "SOLUSDT", "price": 144.55, "qty": 20.307188, "side": "buy", "trade_id": "SOLUSDT-1000768"}
{"event_ts": "2026-06-27T10:55:30.750Z", "symbol": "SOLUSDT", "price": 144.7, "qty": 18.708512, "side": "buy", "trade_id": "SOLUSDT-1000769"}
{"event_ts": "2026-06-27T10:55:46.006Z", "symbol": "SOLUSDT", "price": 144.57, "qty": 32.791565, "side": "sell", "trade_id": "SOLUSDT-1000770"}
{"event_ts": "2026-06-27T10:55:11.976Z", "symbol": "SOLUSDT", "price": 144.52, "qty": 34.595607, "side": "sell", "trade_id": "SOLUSDT-1000771"}
{"event_ts": "2026-06-27T10:55:15.413Z", "symbol": "SOLUSDT", "price": 144.5, "qty": 1.411247, "side": "buy", "trade_id": "SOLUSDT-1000772"}
{"event_ts": "2026-06-27T10:55:35.071Z", "symbol": "SOLUSDT", "price": 144.62, "qty": 7.23322, "side": "buy", "trade_id": "SOLUSDT-1000773"}
{"event_ts": "2026-06-27T10:55:05.589Z", "symbol": "SOLUSDT", "price": 144.74, "qty": 2.040221, "side": "buy", "trade_id": "SOLUSDT-1000774"}
{"event_ts": "2026-06-27T10:55:45.130Z", "symbol": "SOLUSDT", "price": 144.85, "qty": 6.463994, "side": "buy", "trade_id": "SOLUSDT-1000775"}
{"event_ts": "2026-06-27T10:55:05.355Z", "symbol": "SOLUSDT", "price": 144.83, "qty": 23.54346, "side": "buy", "trade_id": "SOLUSDT-1000776"}
{"event_ts": "2026-06-27T10:55:37.224Z", "symbol": "SOLUSDT", "price": 144.8, "qty": 20.556939, "side": "buy", "trade_id": "SOLUSDT-1000777"}
{"event_ts": "2026-06-27T10:55:51.530Z", "symbol": "SOLUSDT", "price": 144.85, "qty": 9.991676, "side": "sell", "trade_id": "SOLUSDT-1000778"}
{"event_ts": "2026-06-27T10:55:37.014Z", "symbol": "SOLUSDT", "price": 144.9, "qty": 13.509251, "side": "buy", "trade_id": "SOLUSDT-1000779"}
