{"event_ts": "2026-06-27T10:14:24.451Z", "symbol": "BTCUSDT", "price": 60958.59, "qty": 0.033251, "side": "sell", "trade_id": "BTCUSDT-1000206"}
{"event_ts": "2026-06-27T10:14:29.813Z", "symbol": "BTCUSDT", "price": 60947.98, "qty": 0.037456, "side": "sell", "trade_id": "BTCUSDT-1000207"}
{"event_ts": "2026-06-27T10:14:37.857Z", "symbol": "BTCUSDT", "price": 60942.87, "qty": 0.021118, "side": "buy", "trade_id": "BTCUSDT-1000208"}
{"event_ts": "2026-06-27T10:14:42.386Z", "symbol": "BTCUSDT", "price": 60953.56, "qty": 0.009796, "side": "buy", "trade_id": "BTCUSDT-1000209"}
{"event_ts": "2026-06-27T10:14:04.741Z", "symbol": "BTCUSDT", "price": 60955.91, "qty": 0.018385, "side": "sell", "trade_id": "BTCUSDT-1000210"}
{"event_ts": "2026-06-27T10:14:49.867Z", "symbol": "BTCUSDT", "price": 60934.62, "qty": 0.001428, "side": "buy", "trade_id": "BTCUSDT-1000211"}
{"event_ts": "2026-06-27T10:14:15.973Z", "symbol": "BTCUSDT", "price": 60918.29, "qty": 0.043513, "side": "buy", "trade_id": "BTCUSDT-1000212"}
{"event_ts": "2026-06-27T10:14:46.852Z", "symbol": "BTCUSDT", "price": 60913.29, "qty": 0.043772, "side": "sell", "trade_id": "BTCUSDT-1000213"}
{"event_ts": "2026-06-27T10:14:56.557Z", "symbol": "BTCUSDT", "price": 60914.74, "qty": 0.037188, "side": "sell", "trade_id": "BTCUSDT-1000214"}
{"event_ts": "2026-06-27T10:14:07.437Z", "symbol": "BTCUSDT", "price": 60898.11, "qty": 0.020252, "side": "buy", "trade_id": "BTCUSDT-1000215"}
{"event_ts": "2026-06-27T10:14:15.279Z", "symbol": "BTCUSDT", "price": 60911.76, "qty": 0.049335, "side": "buy", "trade_id": "BTCUSDT-1000216"}
{"event_ts": "2026-06-27T10:14:54.151Z", "symbol": "ETHUSDT", "price": 3394.95, "qty": 0.402111, "side": "sell", "trade_id": "ETHUSDT-1000174"}
{"event_ts": "2026-06-27T10:14:55.725Z", "symbol": "ETHUSDT", "price": 3395.27, "qty": 0.123351, "side": "sell", "trade_id": "ETHUSDT-1000175"}
{"event_ts": "2026-06-27T10:14:02.090Z", "symbol": "ETHUSDT", "price": 3394.26, "qty": 0.227526, "side": "sell", "trade_id": "ETHUSDT-1000176"}
{"event_ts": "2026-06-27T10:14:23.501Z", "symbol": "ETHUSDT", "price": 3394.88, "qty": 0.109499, "side": "sell", "trade_id": "ETHUSDT-1000177"}
{"event_ts": "2026-06-27T10:14:55.951Z", "symbol": "ETHUSDT", "price": 3393.8, "qty": 0.272844, "side": "buy", "trade_id": "ETHUSDT-1000178"}
{"event_ts": "2026-06-27T10:14:36.812Z", "symbol": "ETHUSDT", "price": 3394.95, "qty": 0.273714, "side": "buy", "trade_id": "ETHUSDT-1000179"}
{"event_ts": "2026-06-27T10:14:05.918Z", "symbol": "ETHUSDT", "price": 3396.65, "qty": 0.413228, "side": "buy", "trade_id": "ETHUSDT-1000180"}
{"event_ts": "2026-06-27T10:14:26.771Z", "symbol": "ETHUSDT", "price": 3396.86, "qty": 0.34382, "side": "sell", "trade_id": "ETHUSDT-1000181"}
{"event_ts": "2026-06-27T10:14:54.051Z", "symbol": "ETHUSDT", "price": 3398.18, "qty": 0.141819, "side": "buy", "trade_id": "ETHUSDT-1000182"}
{"event_ts": "2026-06-27T10:14:24.027Z", "symbol": "SOLUSDT", "price": 144.05, "qty": 20.572522, "side": "sell", "trade_id": "SOLUSDT-1000191"}
{"event_ts": "2026-06-27T10:14:19.546Z", "symbol": "SOLUSDT", "price": 144.14, "qty": 7.326825, "side": "sell", "trade_id": "SOLUSDT-1000192"}
{"event_ts": "2026-06-27T10:14:37.308Z", "symbol": "SOLUSDT", "price": 144.13, "qty": 16.497444, "side": "buy", "trade_id": "SOLUSDT-1000193"}
{"event_ts": "2026-06-27T10:14:40.257Z", "symbol": "SOLUSDT", "price": 144.08, "qty": 34.524934, "side": "sell", "trade_id": "SOLUSDT-1000194"}
{"event_ts": "2026-06-27T10:14:31.494Z", "symbol": "SOLUSDT", "price": 144.18, "qty": 8.225216, "side": "sell", "trade_id": "SOLUSDT-1000195"}
{"event_ts": "2026-06-27T10:14:04.432Z", "symbol": "SOLUSDT", "price": 144.09, "qty": 13.070352, "side": "buy", "trade_id": "SOLUSDT-1000196"}
{"event_ts": "2026-06-27T10:14:37.464Z", "symbol": "SOLUSDT", "price": 144.15, "qty": 10.90312, "side": "sell", "trade_id": "SOLUSDT-1000197"}
{"event_ts": "2026-06-27T10:14:36.931Z", "symbol": "SOLUSDT", "price": 144.23, "qty": 31.545921, "side": "buy", "trade_id": "SOLUSDT-1000198"}
{"event_ts": "2026-06-27T10:14:57.744Z", "symbol": "SOLUSDT", "price": 144.09, "qty": 31.594391, "side": "sell", "trade_id": "SOLUSDT-1000199"}
