{"event_ts": "2026-06-27T10:48:16.973Z", "symbol": "BTCUSDT", "price": 61033.68, "qty": 0.012239, "side": "sell", "trade_id": "BTCUSDT-1000662"}
{"event_ts": "2026-06-27T10:48:34.393Z", "symbol": "BTCUSDT", "price": 61023.42, "qty": 0.030134, "side": "sell", "trade_id": "BTCUSDT-1000663"}
{"event_ts": "2026-06-27T10:48:03.987Z", "symbol": "BTCUSDT", "price": 61026.88, "qty": 0.016024, "side": "buy", "trade_id": "BTCUSDT-1000664"}
{"event_ts": "2026-06-27T10:48:12.680Z", "symbol": "BTCUSDT", "price": 61010.23, "qty": 0.00593, "side": "sell", "trade_id": "BTCUSDT-1000665"}
{"event_ts": "2026-06-27T10:48:41.286Z", "symbol": "BTCUSDT", "price": 61028.71, "qty": 0.0035, "side": "buy", "trade_id": "BTCUSDT-1000666"}
{"event_ts": "2026-06-27T10:48:43.587Z", "symbol": "BTCUSDT", "price": 61040.72, "qty": 0.038462, "side": "sell", "trade_id": "BTCUSDT-1000667"}
{"event_ts": "2026-06-27T10:48:46.670Z", "symbol": "BTCUSDT", "price": 61043.49, "qty": 0.046668, "side": "sell", "trade_id": "BTCUSDT-1000668"}
{"event_ts": "2026-06-27T10:48:23.435Z", "symbol": "BTCUSDT", "price": 61058.01, "qty": 0.026121, "side": "buy", "trade_id": "BTCUSDT-1000669"}
{"event_ts": "2026-06-27T10:48:48.360Z", "symbol": "BTCUSDT", "price": 61067.69, "qty": 0.03677, "side": "buy", "trade_id": "BTCUSDT-1000670"}
{"event_ts": "2026-06-27T10:48:45.783Z", "symbol": "BTCUSDT", "price": 61056.96, "qty": 0.029708, "side": "sell", "trade_id": "BTCUSDT-1000671"}
{"event_ts": "2026-06-27T10:48:36.671Z", "symbol": "BTCUSDT", "price": 61038.88, "qty": 0.044579, "side": "sell", "trade_id": "BTCUSDT-1000672"}
{"event_ts": "2026-06-27T10:48:52.946Z", "symbol": "BTCUSDT", "price": 61021.03, "qty": 0.014649, "side": "sell", "trade_id": "BTCUSDT-1000673"}
{"event_ts": "2026-06-27T10:48:21.734Z", "symbol": "BTCUSDT", "price": 61009.28, "qty": 0.032109, "side": "sell", "trade_id": "BTCUSDT-1000674"}
{"event_ts": "2026-06-27T10:48:59.946Z", "symbol": "BTCUSDT", "price": 61003.74, "qty": 0.032852, "side": "buy", "trade_id": "BTCUSDT-1000675"}
{"event_ts": "2026-06-27T10:48:32.263Z", "symbol": "BTCUSDT", "price": 61015.92, "qty": 0.01752, "side": "sell", "trade_id": "BTCUSDT-1000676"}
{"event_ts": "2026-06-27T10:48:33.565Z", "symbol": "BTCUSDT", "price": 61013.3, "qty": 0.045188, "side": "buy", "trade_id": "BTCUSDT-1000677"}
{"event_ts": "2026-06-27T10:48:08.974Z", "symbol": "BTCUSDT", "price": 61020.78, "qty": 0.034745, "side": "sell", "trade_id": "BTCUSDT-1000678"}
{"event_ts": "2026-06-27T10:48:14.287Z", "symbol": "BTCUSDT", "price": 61008.47, "qty": 0.010206, "side": "sell", "trade_id": "BTCUSDT-1000679"}
{"event_ts": "2026-06-27T10:48:02.479Z", "symbol": "ETHUSDT", "price": 3363.49, "qty": 0.06865, "side": "sell", "trade_id": "ETHUSDT-1000642"}
{"event_ts": "2026-06-27T10:48:01.022Z", "symbol": "ETHUSDT", "price": 3363.26, "qty": 0.279586, "side": "buy", "trade_id": "ETHUSDT-1000643"}
{"event_ts": "2026-06-27T10:48:00.922Z", "symbol": "ETHUSDT", "price": 3362.52, "qty": 0.114635, "side": "buy", "trade_id": "ETHUSDT-1000644"}
{"event_ts": "2026-06-27T10:48:43.018Z", "symbol": "ETHUSDT", "price": 3361.23, "qty": 0.160387, "side": "sell", "trade_id": "ETHUSDT-1000645"}
{"event_ts": "2026-06-27T10:48:31.257Z", "symbol": "ETHUSDT", "price": 3362.81, "qty": 0.336144, "side": "buy", "trade_id": "ETHUSDT-1000646"}
{"event_ts": "2026-06-27T10:48:11.656Z", "symbol": "ETHUSDT", "price": 3362.39, "qty": 0.28798, "side": "buy", "trade_id": "ETHUSDT-1000647"}
{"event_ts": "2026-06-27T10:48:52.430Z", "symbol": "ETHUSDT", "price": 3363.35, "qty": 0.275907, "side": "buy", "trade_id": "ETHUSDT-1000648"}
{"event_ts": "2026-06-27T10:48:07.608Z", "symbol": "ETHUSDT", "price": 3363.4, "qty": 0.43124, "side": "sell", "trade_id": "ETHUSDT-1000649"}
{"event_ts": "2026-06-27T10:48:35.408Z", "symbol": "ETHUSDT", "price": 3362.91, "qty": 0.221125, "side": "buy", "trade_id": "ETHUSDT-1000650"}
{"event_ts": "2026-06-27T10:48:11.779Z", "symbol": "ETHUSDT", "price": 3362.75, "qty": 0.090955, "side": "sell", "trade_id": "ETHUSDT-1000651"}
{"event_ts": "2026-06-27T10:48:29.084Z", "symbol": "ETHUSDT", "price": 3362.16, "qty": 0.395215, "side": "sell", "trade_id": "ETHUSDT-1000652"}
{"event_ts": "2026-06-27T10:48:03.248Z", "symbol": "ETHUSDT", "price": 3361.54, "qty": 0.26039, "side": "sell", "trade_id": "ETHUSDT-1000653"}
{"event_ts": "2026-06-27T10:48:55.894Z", "symbol": "ETHUSDT", "price": 3362.53, "qty": 0.281746, "side": "sell", "trade_id": "ETHUSDT-1000654"}
{"event_ts": "2026-06-27T10:48:54.126Z", "symbol": "ETHUSDT", "price": 3361.8, "qty": 0.451506, "side": "sell", "trade_id": "ETHUSDT-1000655"}
{"event_ts": "2026-06-27T10:48:32.785Z", "symbol": "ETHUSDT", "price": 3360.92, "qty": 0.253641, "side": "sell", "trade_id": "ETHUSDT-1000656"}
{"event_ts": "2026-06-27T10:48:40.060Z", "symbol": "ETHUSDT", "price": 3362.41, "qty": 0.204737, "side": "buy", "trade_id": "ETHUSDT-1000657"}
{"event_ts": "2026-06-27T10:48:26.284Z", "symbol": "ETHUSDT", "price": 3362.81, "qty": 0.182708, "side": "buy", "trade_id": "ETHUSDT-1000658"}
{"event_ts": "2026-06-27T10:48:55.220Z", "symbol": "ETHUSDT", "price": 3362.48, "qty": 0.275269, "side": "buy", "trade_id": "ETHUSDT-1000659"}
{"event_ts": "2026-06-27T10:48:17.984Z", "symbol": "ETHUSDT", "price": 3361.76, "qty": 0.060134, "side": "buy", "trade_id": "ETHUSDT-1000660"}
{"event_ts": "2026-06-27T10:48:08.889Z", "symbol": "SOLUSDT", "price": 144.07, "qty": 17.748479, "side": "buy", "trade_id": "SOLUSDT-1000671"}
{"event_ts": "2026-06-27T10:48:49.159Z", "symbol": "SOLUSDT", "price": 144.16, "qty": 25.485654, "side": "buy", "trade_id": "SOLUSDT-1000672"}
{"event_ts": "2026-06-27T10:48:42.104Z", "symbol": "SOLUSDT", "price": 144.29, "qty": 10.246665, "side": "buy", "trade_id": "SOLUSDT-1000673"}
{"event_ts": "2026-06-27T10:48:28.162Z", "symbol": "SOLUSDT", "price": 144.42, "qty": 18.420712, "side": "sell", "trade_id": "SOLUSDT-1000674"}
{"event_ts": "2026-06-27T10:48:07.558Z", "symbol": "SOLUSDT", "price": 144.4, "qty": 18.95163, "side": "sell", "trade_id": "SOLUSDT-1000675"}
{"event_ts": "2026-06-27T10:48:36.389Z", "symbol": "SOLUSDT", "price": 144.44, "qty": 17.389802, "side": "sell", "trade_id": "SOLUSDT-1000676"}
{"event_ts": "2026-06-27T10:48:33.284Z", "symbol": "SOLUSDT", "price": 144.5, "qty": 8.310525, "side": "sell", "trade_id": "SOLUSDT-1000677"}
{"event_ts": "2026-06-27T10:48:32.890Z", "symbol": "SOLUSDT", "price": 144.56, "qty": 19.69258, "side": "sell", "trade_id": "SOLUSDT-1000678"}
{"event_ts": "2026-06-27T10:48:35.553Z", "symbol": "SOLUSDT", "price": 144.59, "qty": 36.750786, "side": "sell", "trade_id": "SOLUSDT-1000679"}
{"event_ts": "2026-06-27T10:48:25.863Z", "symbol": "SOLUSDT", "price": 144.67, "qty": 34.317806, "side": "buy", "trade_id": "SOLUSDT-1000680"}
{"event_ts": "2026-06-27T10:48:42.170Z", "symbol": "SOLUSDT", "price": 144.81, "qty": 3.73675, "side": "sell", "trade_id": "SOLUSDT-1000681"}
{"event_ts": "2026-06-27T10:48:00.758Z", "symbol": "SOLUSDT", "price": 144.78, "qty": 13.653848, "side": "sell", "trade_id": "SOLUSDT-1000682"}
{"event_ts": "2026-06-27T10:48:37.149Z", "symbol": "SOLUSDT", "price": 144.74, "qty": 15.718332, "side": "buy", "trade_id": "SOLUSDT-1000683"}
{"event_ts": "2026-06-27T10:48:59.924Z", "symbol": "SOLUSDT", "price": 144.8, "qty": 28.570474, "side": "buy", "trade_id": "SOLUSDT-1000684"}
{"event_ts": "2026-06-27T10:48:01.386Z", "symbol": "SOLUSDT", "price": 144.87, "qty": 5.149739, "side": "sell", "trade_id": "SOLUSDT-1000685"}
{"event_ts": "2026-06-27T10:48:54.324Z", "symbol": "SOLUSDT", "price": 144.87, "qty": 32.422247, "side": "buy", "trade_id": "SOLUSDT-1000686"}
{"event_ts": "2026-06-27T10:48:23.342Z", "symbol": "SOLUSDT", "price": 144.99, "qty": 34.463463, "side": "buy", "trade_id": "SOLUSDT-1000687"}
