{"event_ts": "2026-06-27T10:31:45.107Z", "symbol": "BTCUSDT", "price": 60990.07, "qty": 0.025262, "side": "sell", "trade_id": "BTCUSDT-1000450"}
{"event_ts": "2026-06-27T10:31:24.591Z", "symbol": "BTCUSDT", "price": 60981.55, "qty": 0.001334, "side": "buy", "trade_id": "BTCUSDT-1000451"}
{"event_ts": "2026-06-27T10:31:30.774Z", "symbol": "BTCUSDT", "price": 60994.64, "qty": 0.014921, "side": "buy", "trade_id": "BTCUSDT-1000452"}
{"event_ts": "2026-06-27T10:31:02.915Z", "symbol": "BTCUSDT", "price": 60981.29, "qty": 0.046154, "side": "sell", "trade_id": "BTCUSDT-1000453"}
{"event_ts": "2026-06-27T10:31:06.571Z", "symbol": "BTCUSDT", "price": 60980.09, "qty": 0.01291, "side": "buy", "trade_id": "BTCUSDT-1000454"}
{"event_ts": "2026-06-27T10:31:47.550Z", "symbol": "BTCUSDT", "price": 61004.18, "qty": 0.015944, "side": "buy", "trade_id": "BTCUSDT-1000455"}
{"event_ts": "2026-06-27T10:31:47.498Z", "symbol": "BTCUSDT", "price": 61012.33, "qty": 0.028238, "side": "buy", "trade_id": "BTCUSDT-1000456"}
{"event_ts": "2026-06-27T10:31:56.624Z", "symbol": "BTCUSDT", "price": 61007.2, "qty": 0.022995, "side": "buy", "trade_id": "BTCUSDT-1000457"}
{"event_ts": "2026-06-27T10:31:12.045Z", "symbol": "BTCUSDT", "price": 61029.22, "qty": 0.032318, "side": "buy", "trade_id": "BTCUSDT-1000458"}
{"event_ts": "2026-06-27T10:31:20.945Z", "symbol": "BTCUSDT", "price": 61009.74, "qty": 0.007379, "side": "buy", "trade_id": "BTCUSDT-1000459"}
{"event_ts": "2026-06-27T10:31:42.098Z", "symbol": "BTCUSDT", "price": 60986.43, "qty": 0.04232, "side": "sell", "trade_id": "BTCUSDT-1000460"}
{"event_ts": "2026-06-27T10:31:53.089Z", "symbol": "BTCUSDT", "price": 60964.31, "qty": 0.011873, "side": "buy", "trade_id": "BTCUSDT-1000461"}
{"event_ts": "2026-06-27T10:31:36.166Z", "symbol": "BTCUSDT", "price": 60969.3, "qty": 0.007021, "side": "sell", "trade_id": "BTCUSDT-1000462"}
{"event_ts": "2026-06-27T10:31:28.126Z", "symbol": "BTCUSDT", "price": 60949.2, "qty": 0.014503, "side": "buy", "trade_id": "BTCUSDT-1000463"}
{"event_ts": "2026-06-27T10:31:13.180Z", "symbol": "BTCUSDT", "price": 60954.54, "qty": 0.005899, "side": "buy", "trade_id": "BTCUSDT-1000464"}
{"event_ts": "2026-06-27T10:31:56.531Z", "symbol": "BTCUSDT", "price": 60938.57, "qty": 0.036128, "side": "buy", "trade_id": "BTCUSDT-1000465"}
{"event_ts": "2026-06-27T10:31:58.179Z", "symbol": "BTCUSDT", "price": 60931.71, "qty": 0.005748, "side": "sell", "trade_id": "BTCUSDT-1000466"}
{"event_ts": "2026-06-27T10:31:53.493Z", "symbol": "BTCUSDT", "price": 60952.78, "qty": 0.040574, "side": "sell", "trade_id": "BTCUSDT-1000467"}
{"event_ts": "2026-06-27T10:31:17.853Z", "symbol": "BTCUSDT", "price": 60941.3, "qty": 0.038528, "side": "sell", "trade_id": "BTCUSDT-1000468"}
{"event_ts": "2026-06-27T10:31:37.890Z", "symbol": "BTCUSDT", "price": 60965.48, "qty": 0.008181, "side": "buy", "trade_id": "BTCUSDT-1000469"}
{"event_ts": "2026-06-27T10:31:06.962Z", "symbol": "ETHUSDT", "price": 3392.77, "qty": 0.144396, "side": "sell", "trade_id": "ETHUSDT-1000421"}
{"event_ts": "2026-06-27T10:31:12.144Z", "symbol": "ETHUSDT", "price": 3391.09, "qty": 0.145444, "side": "sell", "trade_id": "ETHUSDT-1000422"}
{"event_ts": "2026-06-27T10:31:01.608Z", "symbol": "ETHUSDT", "price": 3391.29, "qty": 0.12983, "side": "sell", "trade_id": "ETHUSDT-1000423"}
{"event_ts": "2026-06-27T10:31:37.236Z", "symbol": "ETHUSDT", "price": 3391.03, "qty": 0.098051, "side": "buy", "trade_id": "ETHUSDT-1000424"}
{"event_ts": "2026-06-27T10:31:00.294Z", "symbol": "ETHUSDT", "price": 3391.95, "qty": 0.445058, "side": "buy", "trade_id": "ETHUSDT-1000425"}
{"event_ts": "2026-06-27T10:31:06.378Z", "symbol": "ETHUSDT", "price": 3391.82, "qty": 0.097776, "side": "buy", "trade_id": "ETHUSDT-1000426"}
{"event_ts": "2026-06-27T10:31:01.194Z", "symbol": "ETHUSDT", "price": 3390.03, "qty": 0.200856, "side": "buy", "trade_id": "ETHUSDT-1000427"}
{"event_ts": "2026-06-27T10:31:10.213Z", "symbol": "ETHUSDT", "price": 3390.7, "qty": 0.372269, "side": "buy", "trade_id": "ETHUSDT-1000428"}
{"event_ts": "2026-06-27T10:31:00.610Z", "symbol": "ETHUSDT", "price": 3389.03, "qty": 0.32919, "side": "buy", "trade_id": "ETHUSDT-1000429"}
{"event_ts": "2026-06-27T10:31:27.466Z", "symbol": "ETHUSDT", "price": 3390.02, "qty": 0.414551, "side": "buy", "trade_id": "ETHUSDT-1000430"}
{"event_ts": "2026-06-27T10:31:50.397Z", "symbol": "ETHUSDT", "price": 3389.55, "qty": 0.04107, "side": "sell", "trade_id": "ETHUSDT-1000431"}
{"event_ts": "2026-06-27T10:31:34.802Z", "symbol": "ETHUSDT", "price": 3387.56, "qty": 0.149977, "side": "sell", "trade_id": "ETHUSDT-1000432"}
{"event_ts": "2026-06-27T10:31:24.097Z", "symbol": "ETHUSDT", "price": 3386.22, "qty": 0.251901, "side": "buy", "trade_id": "ETHUSDT-1000433"}
{"event_ts": "2026-06-27T10:31:41.353Z", "symbol": "ETHUSDT", "price": 3385.89, "qty": 0.074578, "side": "sell", "trade_id": "ETHUSDT-1000434"}
{"event_ts": "2026-06-27T10:31:26.770Z", "symbol": "ETHUSDT", "price": 3384.94, "qty": 0.460893, "side": "buy", "trade_id": "ETHUSDT-1000435"}
{"event_ts": "2026-06-27T10:31:52.055Z", "symbol": "ETHUSDT", "price": 3386.05, "qty": 0.367996, "side": "sell", "trade_id": "ETHUSDT-1000436"}
{"event_ts": "2026-06-27T10:31:12.786Z", "symbol": "ETHUSDT", "price": 3384.46, "qty": 0.324012, "side": "sell", "trade_id": "ETHUSDT-1000437"}
{"event_ts": "2026-06-27T10:31:23.282Z", "symbol": "ETHUSDT", "price": 3383.32, "qty": 0.380554, "side": "buy", "trade_id": "ETHUSDT-1000438"}
{"event_ts": "2026-06-27T10:31:50.522Z", "symbol": "SOLUSDT", "price": 142.65, "qty": 27.403127, "side": "buy", "trade_id": "SOLUSDT-1000427"}
{"event_ts": "2026-06-27T10:31:05.359Z", "symbol": "SOLUSDT", "price": 142.79, "qty": 36.860361, "side": "sell", "trade_id": "SOLUSDT-1000428"}
{"event_ts": "2026-06-27T10:31:12.482Z", "symbol": "SOLUSDT", "price": 142.93, "qty": 26.231836, "side": "sell", "trade_id": "SOLUSDT-1000429"}
{"event_ts": "2026-06-27T10:31:24.394Z", "symbol": "SOLUSDT", "price": 143.04, "qty": 6.149572, "side": "sell", "trade_id": "SOLUSDT-1000430"}
{"event_ts": "2026-06-27T10:31:47.275Z", "symbol": "SOLUSDT", "price": 143.11, "qty": 30.869893, "side": "sell", "trade_id": "SOLUSDT-1000431"}
{"event_ts": "2026-06-27T10:31:46.166Z", "symbol": "SOLUSDT", "price": 143.0, "qty": 26.64842, "side": "sell", "trade_id": "SOLUSDT-1000432"}
{"event_ts": "2026-06-27T10:31:44.509Z", "symbol": "SOLUSDT", "price": 142.98, "qty": 17.784458, "side": "sell", "trade_id": "SOLUSDT-1000433"}
{"event_ts": "2026-06-27T10:31:26.797Z", "symbol": "SOLUSDT", "price": 143.02, "qty": 22.861074, "side": "buy", "trade_id": "SOLUSDT-1000434"}
{"event_ts": "2026-06-27T10:31:17.635Z", "symbol": "SOLUSDT", "price": 143.15, "qty": 28.074578, "side": "buy", "trade_id": "SOLUSDT-1000435"}
{"event_ts": "2026-06-27T10:31:56.208Z", "symbol": "SOLUSDT", "price": 143.17, "qty": 6.805572, "side": "buy", "trade_id": "SOLUSDT-1000436"}
{"event_ts": "2026-06-27T10:31:21.731Z", "symbol": "SOLUSDT", "price": 143.12, "qty": 12.662821, "side": "sell", "trade_id": "SOLUSDT-1000437"}
{"event_ts": "2026-06-27T10:31:36.156Z", "symbol": "SOLUSDT", "price": 143.05, "qty": 21.88836, "side": "buy", "trade_id": "SOLUSDT-1000438"}
