{"event_ts": "2026-06-27T10:30:08.071Z", "symbol": "BTCUSDT", "price": 61027.32, "qty": 0.023363, "side": "buy", "trade_id": "BTCUSDT-1000442"}
{"event_ts": "2026-06-27T10:30:27.725Z", "symbol": "BTCUSDT", "price": 61037.75, "qty": 0.001539, "side": "buy", "trade_id": "BTCUSDT-1000443"}
{"event_ts": "2026-06-27T10:30:01.932Z", "symbol": "BTCUSDT", "price": 61023.38, "qty": 0.011237, "side": "sell", "trade_id": "BTCUSDT-1000444"}
{"event_ts": "2026-06-27T10:30:30.518Z", "symbol": "BTCUSDT", "price": 61014.0, "qty": 0.043811, "side": "sell", "trade_id": "BTCUSDT-1000445"}
{"event_ts": "2026-06-27T10:30:27.341Z", "symbol": "BTCUSDT", "price": 61009.99, "qty": 0.01, "side": "buy", "trade_id": "BTCUSDT-1000446"}
{"event_ts": "2026-06-27T10:30:32.204Z", "symbol": "BTCUSDT", "price": 61008.34, "qty": 0.023219, "side": "sell", "trade_id": "BTCUSDT-1000447"}
{"event_ts": "2026-06-27T10:30:51.152Z", "symbol": "BTCUSDT", "price": 61024.74, "qty": 0.0069, "side": "sell", "trade_id": "BTCUSDT-1000448"}
{"event_ts": "2026-06-27T10:30:24.432Z", "symbol": "BTCUSDT", "price": 61013.3, "qty": 0.045141, "side": "sell", "trade_id": "BTCUSDT-1000449"}
{"event_ts": "2026-06-27T10:30:46.131Z", "symbol": "ETHUSDT", "price": 3398.47, "qty": 0.077263, "side": "buy", "trade_id": "ETHUSDT-1000401"}
{"event_ts": "2026-06-27T10:30:56.891Z", "symbol": "ETHUSDT", "price": 3396.85, "qty": 0.059649, "side": "buy", "trade_id": "ETHUSDT-1000402"}
{"event_ts": "2026-06-27T10:30:58.939Z", "symbol": "ETHUSDT", "price": 3396.73, "qty": 0.380384, "side": "buy", "trade_id": "ETHUSDT-1000403"}
{"event_ts": "2026-06-27T10:30:12.205Z", "symbol": "ETHUSDT", "price": 3396.31, "qty": 0.161628, "side": "sell", "trade_id": "ETHUSDT-1000404"}
{"event_ts": "2026-06-27T10:30:21.070Z", "symbol": "ETHUSDT", "price": 3394.34, "qty": 0.389632, "side": "sell", "trade_id": "ETHUSDT-1000405"}
{"event_ts": "2026-06-27T10:30:59.483Z", "symbol": "ETHUSDT", "price": 3392.44, "qty": 0.466795, "side": "sell", "trade_id": "ETHUSDT-1000406"}
{"event_ts": "2026-06-27T10:30:13.707Z", "symbol": "ETHUSDT", "price": 3393.49, "qty": 0.265957, "side": "sell", "trade_id": "ETHUSDT-1000407"}
{"event_ts": "2026-06-27T10:30:18.815Z", "symbol": "ETHUSDT", "price": 3395.13, "qty": 0.198158, "side": "buy", "trade_id": "ETHUSDT-1000408"}
{"event_ts": "2026-06-27T10:30:37.019Z", "symbol": "ETHUSDT", "price": 3397.02, "qty": 0.054757, "side": "sell", "trade_id": "ETHUSDT-1000409"}
{"event_ts": "2026-06-27T10:30:45.819Z", "symbol": "ETHUSDT", "price": 3398.14, "qty": 0.205204, "side": "sell", "trade_id": "ETHUSDT-1000410"}
{"event_ts": "2026-06-27T10:30:08.641Z", "symbol": "ETHUSDT", "price": 3398.29, "qty": 0.204364, "side": "sell", "trade_id": "ETHUSDT-1000411"}
{"event_ts": "2026-06-27T10:30:38.853Z", "symbol": "ETHUSDT", "price": 3398.59, "qty": 0.489788, "side": "sell", "trade_id": "ETHUSDT-1000412"}
{"event_ts": "2026-06-27T10:30:54.001Z", "symbol": "ETHUSDT", "price": 3399.24, "qty": 0.274176, "side": "sell", "trade_id": "ETHUSDT-1000413"}
{"event_ts": "2026-06-27T10:30:39.069Z", "symbol": "ETHUSDT", "price": 3398.82, "qty": 0.394535, "side": "sell", "trade_id": "ETHUSDT-1000414"}
{"event_ts": "2026-06-27T10:30:32.050Z", "symbol": "ETHUSDT", "price": 3397.04, "qty": 0.175073, "side": "buy", "trade_id": "ETHUSDT-1000415"}
{"event_ts": "2026-06-27T10:30:07.184Z", "symbol": "ETHUSDT", "price": 3396.68, "qty": 0.059542, "side": "sell", "trade_id": "ETHUSDT-1000416"}
{"event_ts": "2026-06-27T10:30:31.883Z", "symbol": "ETHUSDT", "price": 3396.41, "qty": 0.241482, "side": "sell", "trade_id": "ETHUSDT-1000417"}
{"event_ts": "2026-06-27T10:30:34.768Z", "symbol": "ETHUSDT", "price": 3394.56, "qty": 0.138786, "side": "buy", "trade_id": "ETHUSDT-1000418"}
{"event_ts": "2026-06-27T10:30:36.835Z", "symbol": "ETHUSDT", "price": 3393.36, "qty": 0.236598, "side": "sell", "trade_id": "ETHUSDT-1000419"}
{"event_ts": "2026-06-27T10:30:57.311Z", "symbol": "ETHUSDT", "price": 3393.7, "qty": 0.060625, "side": "sell", "trade_id": "ETHUSDT-1000420"}
{"event_ts": "2026-06-27T10:30:51.934Z", "symbol": "SOLUSDT", "price": 142.98, "qty": 26.3891, "side": "sell", "trade_id": "SOLUSDT-1000408"}
{"event_ts": "2026-06-27T10:30:03.434Z", "symbol": "SOLUSDT", "price": 142.89, "qty": 6.939943, "side": "sell", "trade_id": "SOLUSDT-1000409"}
{"event_ts": "2026-06-27T10:30:21.658Z", "symbol": "SOLUSDT", "price": 142.88, "qty": 9.823218, "side": "buy", "trade_id": "SOLUSDT-1000410"}
{"event_ts": "2026-06-27T10:30:06.863Z", "symbol": "SOLUSDT", "price": 142.93, "qty": 11.01286, "side": "sell", "trade_id": "SOLUSDT-1000411"}
{"event_ts": "2026-06-27T10:30:41.896Z", "symbol": "SOLUSDT", "price": 143.05, "qty": 9.702839, "side": "buy", "trade_id": "SOLUSDT-1000412"}
{"event_ts": "2026-06-27T10:30:29.952Z", "symbol": "SOLUSDT", "price": 142.93, "qty": 4.451747, "side": "buy", "trade_id": "SOLUSDT-1000413"}
{"event_ts": "2026-06-27T10:30:25.197Z", "symbol": "SOLUSDT", "price": 142.91, "qty": 35.873487, "side": "buy", "trade_id": "SOLUSDT-1000414"}
{"event_ts": "2026-06-27T10:30:24.033Z", "symbol": "SOLUSDT", "price": 142.87, "qty": 17.510544, "side": "buy", "trade_id": "SOLUSDT-1000415"}
{"event_ts": "2026-06-27T10:30:35.374Z", "symbol": "SOLUSDT", "price": 142.89, "qty": 17.479373, "side": "sell", "trade_id": "SOLUSDT-1000416"}
{"event_ts": "2026-06-27T10:30:04.809Z", "symbol": "SOLUSDT", "price": 142.76, "qty": 13.097148, "side": "sell", "trade_id": "SOLUSDT-1000417"}
{"event_ts": "2026-06-27T10:30:13.405Z", "symbol": "SOLUSDT", "price": 142.81, "qty": 2.524606, "side": "buy", "trade_id": "SOLUSDT-1000418"}
{"event_ts": "2026-06-27T10:30:50.345Z", "symbol": "SOLUSDT", "price": 142.68, "qty": 6.390134, "side": "sell", "trade_id": "SOLUSDT-1000419"}
{"event_ts": "2026-06-27T10:30:44.671Z", "symbol": "SOLUSDT", "price": 142.82, "qty": 35.12027, "side": "sell", "trade_id": "SOLUSDT-1000420"}
{"event_ts": "2026-06-27T10:30:44.548Z", "symbol": "SOLUSDT", "price": 142.77, "qty": 39.956828, "side": "sell", "trade_id": "SOLUSDT-1000421"}
{"event_ts": "2026-06-27T10:30:32.406Z", "symbol": "SOLUSDT", "price": 142.66, "qty": 21.105248, "side": "buy", "trade_id": "SOLUSDT-1000422"}
{"event_ts": "2026-06-27T10:30:11.389Z", "symbol": "SOLUSDT", "price": 142.7, "qty": 12.52826, "side": "sell", "trade_id": "SOLUSDT-1000423"}
{"event_ts": "2026-06-27T10:30:51.208Z", "symbol": "SOLUSDT", "price": 142.77, "qty": 30.778849, "side": "buy", "trade_id": "SOLUSDT-1000424"}
{"event_ts": "2026-06-27T10:30:31.172Z", "symbol": "SOLUSDT", "price": 142.65, "qty": 18.767694, "side": "sell", "trade_id": "SOLUSDT-1000425"}
{"event_ts": "2026-06-27T10:30:00.826Z", "symbol": "SOLUSDT", "price": 142.61, "qty": 5.706542, "side": "buy", "trade_id": "SOLUSDT-1000426"}
{"event_ts": "2026-06-27T10:29:58.120Z", "symbol": "BTCUSDT", "price": 61020.0, "qty": 0.015, "side": "buy", "trade_id": "BTCUSDT-9000100"}
