{"event_ts": "2026-06-27T10:37:16.569Z", "symbol": "BTCUSDT", "price": 60916.89, "qty": 0.00808, "side": "sell", "trade_id": "BTCUSDT-1000527"}
{"event_ts": "2026-06-27T10:37:39.305Z", "symbol": "BTCUSDT", "price": 60900.51, "qty": 0.028392, "side": "buy", "trade_id": "BTCUSDT-1000528"}
{"event_ts": "2026-06-27T10:37:36.483Z", "symbol": "BTCUSDT", "price": 60902.09, "qty": 0.018452, "side": "buy", "trade_id": "BTCUSDT-1000529"}
{"event_ts": "2026-06-27T10:37:31.332Z", "symbol": "BTCUSDT", "price": 60911.13, "qty": 0.00345, "side": "sell", "trade_id": "BTCUSDT-1000530"}
{"event_ts": "2026-06-27T10:37:43.245Z", "symbol": "BTCUSDT", "price": 60930.67, "qty": 0.013205, "side": "buy", "trade_id": "BTCUSDT-1000531"}
{"event_ts": "2026-06-27T10:37:57.434Z", "symbol": "BTCUSDT", "price": 60938.99, "qty": 0.007724, "side": "sell", "trade_id": "BTCUSDT-1000532"}
{"event_ts": "2026-06-27T10:37:00.826Z", "symbol": "BTCUSDT", "price": 60944.31, "qty": 0.005112, "side": "buy", "trade_id": "BTCUSDT-1000533"}
{"event_ts": "2026-06-27T10:37:56.908Z", "symbol": "BTCUSDT", "price": 60929.34, "qty": 0.017937, "side": "sell", "trade_id": "BTCUSDT-1000534"}
{"event_ts": "2026-06-27T10:37:52.042Z", "symbol": "BTCUSDT", "price": 60915.76, "qty": 0.022495, "side": "sell", "trade_id": "BTCUSDT-1000535"}
{"event_ts": "2026-06-27T10:37:21.528Z", "symbol": "BTCUSDT", "price": 60908.72, "qty": 0.035519, "side": "sell", "trade_id": "BTCUSDT-1000536"}
{"event_ts": "2026-06-27T10:37:03.716Z", "symbol": "BTCUSDT", "price": 60907.42, "qty": 0.019442, "side": "buy", "trade_id": "BTCUSDT-1000537"}
{"event_ts": "2026-06-27T10:37:25.857Z", "symbol": "ETHUSDT", "price": 3369.08, "qty": 0.423319, "side": "buy", "trade_id": "ETHUSDT-1000492"}
{"event_ts": "2026-06-27T10:37:49.033Z", "symbol": "ETHUSDT", "price": 3367.57, "qty": 0.178496, "side": "buy", "trade_id": "ETHUSDT-1000493"}
{"event_ts": "2026-06-27T10:37:11.145Z", "symbol": "ETHUSDT", "price": 3365.85, "qty": 0.012099, "side": "sell", "trade_id": "ETHUSDT-1000494"}
{"event_ts": "2026-06-27T10:37:21.926Z", "symbol": "ETHUSDT", "price": 3367.64, "qty": 0.201732, "side": "sell", "trade_id": "ETHUSDT-1000495"}
{"event_ts": "2026-06-27T10:37:25.024Z", "symbol": "ETHUSDT", "price": 3365.88, "qty": 0.469253, "side": "sell", "trade_id": "ETHUSDT-1000496"}
{"event_ts": "2026-06-27T10:37:35.471Z", "symbol": "ETHUSDT", "price": 3366.39, "qty": 0.028336, "side": "buy", "trade_id": "ETHUSDT-1000497"}
{"event_ts": "2026-06-27T10:37:00.434Z", "symbol": "ETHUSDT", "price": 3367.65, "qty": 0.399037, "side": "buy", "trade_id": "ETHUSDT-1000498"}
{"event_ts": "2026-06-27T10:37:08.972Z", "symbol": "ETHUSDT", "price": 3366.63, "qty": 0.284161, "side": "sell", "trade_id": "ETHUSDT-1000499"}
{"event_ts": "2026-06-27T10:37:44.816Z", "symbol": "ETHUSDT", "price": 3365.43, "qty": 0.469256, "side": "sell", "trade_id": "ETHUSDT-1000500"}
{"event_ts": "2026-06-27T10:37:08.536Z", "symbol": "ETHUSDT", "price": 3367.3, "qty": 0.382123, "side": "sell", "trade_id": "ETHUSDT-1000501"}
{"event_ts": "2026-06-27T10:37:59.525Z", "symbol": "ETHUSDT", "price": 3366.32, "qty": 0.473391, "side": "sell", "trade_id": "ETHUSDT-1000502"}
{"event_ts": "2026-06-27T10:37:19.693Z", "symbol": "SOLUSDT", "price": 143.58, "qty": 21.356614, "side": "buy", "trade_id": "SOLUSDT-1000516"}
{"event_ts": "2026-06-27T10:37:00.487Z", "symbol": "SOLUSDT", "price": 143.53, "qty": 8.470855, "side": "sell", "trade_id": "SOLUSDT-1000517"}
{"event_ts": "2026-06-27T10:37:14.792Z", "symbol": "SOLUSDT", "price": 143.52, "qty": 39.731844, "side": "buy", "trade_id": "SOLUSDT-1000518"}
{"event_ts": "2026-06-27T10:37:24.367Z", "symbol": "SOLUSDT", "price": 143.42, "qty": 19.369988, "side": "sell", "trade_id": "SOLUSDT-1000519"}
{"event_ts": "2026-06-27T10:37:36.633Z", "symbol": "SOLUSDT", "price": 143.43, "qty": 2.182194, "side": "buy", "trade_id": "SOLUSDT-1000520"}
{"event_ts": "2026-06-27T10:37:25.296Z", "symbol": "SOLUSDT", "price": 143.51, "qty": 29.270555, "side": "sell", "trade_id": "SOLUSDT-1000521"}
{"event_ts": "2026-06-27T10:37:05.173Z", "symbol": "SOLUSDT", "price": 143.5, "qty": 35.306542, "side": "buy", "trade_id": "SOLUSDT-1000522"}
{"event_ts": "2026-06-27T10:37:26.595Z", "symbol": "SOLUSDT", "price": 143.48, "qty": 36.35634, "side": "sell", "trade_id": "SOLUSDT-1000523"}
{"event_ts": "2026-06-27T10:37:21.482Z", "symbol": "SOLUSDT", "price": 143.54, "qty": 2.975517, "side": "buy", "trade_id": "SOLUSDT-1000524"}
{"event_ts": "2026-06-27T10:37:17.920Z", "symbol": "SOLUSDT", "price": 143.41, "qty": 32.29232, "side": "buy", "trade_id": "SOLUSDT-1000525"}
{"event_ts": "2026-06-27T10:37:40.172Z", "symbol": "SOLUSDT", "price": 143.41, "qty": 7.902152, "side": "sell", "trade_id": "SOLUSDT-1000526"}
{"event_ts": "2026-06-27T10:37:56.605Z", "symbol": "SOLUSDT", "price": 143.46, "qty": 33.373048, "side": "sell", "trade_id": "SOLUSDT-1000527"}
