{"event_ts": "2026-06-27T10:54:51.324Z", "symbol": "BTCUSDT", "price": 60916.35, "qty": 0.012589, "side": "buy", "trade_id": "BTCUSDT-1000739"}
{"event_ts": "2026-06-27T10:54:44.712Z", "symbol": "BTCUSDT", "price": 60938.4, "qty": 0.037702, "side": "sell", "trade_id": "BTCUSDT-1000740"}
{"event_ts": "2026-06-27T10:54:16.345Z", "symbol": "BTCUSDT", "price": 60949.46, "qty": 0.028184, "side": "buy", "trade_id": "BTCUSDT-1000741"}
{"event_ts": "2026-06-27T10:54:41.094Z", "symbol": "BTCUSDT", "price": 60939.92, "qty": 0.031297, "side": "buy", "trade_id": "BTCUSDT-1000742"}
{"event_ts": "2026-06-27T10:54:26.113Z", "symbol": "BTCUSDT", "price": 60945.07, "qty": 0.032031, "side": "buy", "trade_id": "BTCUSDT-1000743"}
{"event_ts": "2026-06-27T10:54:20.674Z", "symbol": "BTCUSDT", "price": 60920.72, "qty": 0.003435, "side": "sell", "trade_id": "BTCUSDT-1000744"}
{"event_ts": "2026-06-27T10:54:35.572Z", "symbol": "BTCUSDT", "price": 60902.71, "qty": 0.024776, "side": "sell", "trade_id": "BTCUSDT-1000745"}
{"event_ts": "2026-06-27T10:54:28.554Z", "symbol": "BTCUSDT", "price": 60882.68, "qty": 0.01268, "side": "buy", "trade_id": "BTCUSDT-1000746"}
{"event_ts": "2026-06-27T10:54:12.177Z", "symbol": "BTCUSDT", "price": 60888.17, "qty": 0.040901, "side": "buy", "trade_id": "BTCUSDT-1000747"}
{"event_ts": "2026-06-27T10:54:02.014Z", "symbol": "ETHUSDT", "price": 3370.14, "qty": 0.226899, "side": "sell", "trade_id": "ETHUSDT-1000735"}
{"event_ts": "2026-06-27T10:54:54.353Z", "symbol": "ETHUSDT", "price": 3369.61, "qty": 0.351626, "side": "sell", "trade_id": "ETHUSDT-1000736"}
{"event_ts": "2026-06-27T10:54:23.128Z", "symbol": "ETHUSDT", "price": 3368.54, "qty": 0.187445, "side": "buy", "trade_id": "ETHUSDT-1000737"}
{"event_ts": "2026-06-27T10:54:53.295Z", "symbol": "ETHUSDT", "price": 3369.47, "qty": 0.169121, "side": "buy", "trade_id": "ETHUSDT-1000738"}
{"event_ts": "2026-06-27T10:54:45.174Z", "symbol": "ETHUSDT", "price": 3368.29, "qty": 0.125696, "side": "sell", "trade_id": "ETHUSDT-1000739"}
{"event_ts": "2026-06-27T10:54:48.072Z", "symbol": "ETHUSDT", "price": 3370.03, "qty": 0.201159, "side": "buy", "trade_id": "ETHUSDT-1000740"}
{"event_ts": "2026-06-27T10:54:54.786Z", "symbol": "ETHUSDT", "price": 3369.07, "qty": 0.419502, "side": "sell", "trade_id": "ETHUSDT-1000741"}
{"event_ts": "2026-06-27T10:54:32.027Z", "symbol": "ETHUSDT", "price": 3369.37, "qty": 0.234906, "side": "buy", "trade_id": "ETHUSDT-1000742"}
{"event_ts": "2026-06-27T10:54:39.720Z", "symbol": "ETHUSDT", "price": 3367.49, "qty": 0.103479, "side": "sell", "trade_id": "ETHUSDT-1000743"}
{"event_ts": "2026-06-27T10:54:56.724Z", "symbol": "ETHUSDT", "price": 3366.74, "qty": 0.158096, "side": "buy", "trade_id": "ETHUSDT-1000744"}
{"event_ts": "2026-06-27T10:54:04.266Z", "symbol": "ETHUSDT", "price": 3368.54, "qty": 0.299058, "side": "sell", "trade_id": "ETHUSDT-1000745"}
{"event_ts": "2026-06-27T10:54:06.535Z", "symbol": "ETHUSDT", "price": 3368.41, "qty": 0.325111, "side": "sell", "trade_id": "ETHUSDT-1000746"}
{"event_ts": "2026-06-27T10:54:52.178Z", "symbol": "ETHUSDT", "price": 3367.13, "qty": 0.099119, "side": "buy", "trade_id": "ETHUSDT-1000747"}
{"event_ts": "2026-06-27T10:54:01.403Z", "symbol": "ETHUSDT", "price": 3366.65, "qty": 0.348151, "side": "buy", "trade_id": "ETHUSDT-1000748"}
{"event_ts": "2026-06-27T10:54:58.928Z", "symbol": "ETHUSDT", "price": 3364.96, "qty": 0.341757, "side": "sell", "trade_id": "ETHUSDT-1000749"}
{"event_ts": "2026-06-27T10:54:20.141Z", "symbol": "ETHUSDT", "price": 3366.33, "qty": 0.270007, "side": "buy", "trade_id": "ETHUSDT-1000750"}
{"event_ts": "2026-06-27T10:54:15.847Z", "symbol": "ETHUSDT", "price": 3365.1, "qty": 0.391063, "side": "sell", "trade_id": "ETHUSDT-1000751"}
{"event_ts": "2026-06-27T10:54:15.279Z", "symbol": "SOLUSDT", "price": 144.36, "qty": 21.812375, "side": "sell", "trade_id": "SOLUSDT-1000753"}
{"event_ts": "2026-06-27T10:54:48.232Z", "symbol": "SOLUSDT", "price": 144.49, "qty": 17.273867, "side": "buy", "trade_id": "SOLUSDT-1000754"}
{"event_ts": "2026-06-27T10:54:25.453Z", "symbol": "SOLUSDT", "price": 144.61, "qty": 20.670888, "side": "buy", "trade_id": "SOLUSDT-1000755"}
{"event_ts": "2026-06-27T10:54:52.054Z", "symbol": "SOLUSDT", "price": 144.72, "qty": 3.257121, "side": "sell", "trade_id": "SOLUSDT-1000756"}
{"event_ts": "2026-06-27T10:54:23.265Z", "symbol": "SOLUSDT", "price": 144.84, "qty": 36.836969, "side": "buy", "trade_id": "SOLUSDT-1000757"}
{"event_ts": "2026-06-27T10:54:58.258Z", "symbol": "SOLUSDT", "price": 144.77, "qty": 5.342384, "side": "buy", "trade_id": "SOLUSDT-1000758"}
{"event_ts": "2026-06-27T10:54:29.989Z", "symbol": "SOLUSDT", "price": 144.86, "qty": 6.239959, "side": "buy", "trade_id": "SOLUSDT-1000759"}
{"event_ts": "2026-06-27T10:54:18.799Z", "symbol": "SOLUSDT", "price": 144.93, "qty": 33.044802, "side": "buy", "trade_id": "SOLUSDT-1000760"}
{"event_ts": "2026-06-27T10:54:58.651Z", "symbol": "SOLUSDT", "price": 144.83, "qty": 12.775395, "side": "sell", "trade_id": "SOLUSDT-1000761"}
{"event_ts": "2026-06-27T10:54:52.886Z", "symbol": "SOLUSDT", "price": 144.93, "qty": 22.752036, "side": "sell", "trade_id": "SOLUSDT-1000762"}
{"event_ts": "2026-06-27T10:54:36.143Z", "symbol": "SOLUSDT", "price": 144.83, "qty": 1.843078, "side": "sell", "trade_id": "SOLUSDT-1000763"}
{"event_ts": "2026-06-27T10:54:05.712Z", "symbol": "SOLUSDT", "price": 144.72, "qty": 25.591905, "side": "sell", "trade_id": "SOLUSDT-1000764"}
{"event_ts": "2026-06-27T10:54:46.043Z", "symbol": "SOLUSDT", "price": 144.59, "qty": 8.68698, "side": "buy", "trade_id": "SOLUSDT-1000765"}
{"event_ts": "2026-06-27T10:54:35.589Z", "symbol": "SOLUSDT", "price": 144.55, "qty": 29.990526, "side": "buy", "trade_id": "SOLUSDT-1000766"}
{"event_ts": "2026-06-27T10:54:02.752Z", "symbol": "SOLUSDT", "price": 144.48, "qty": 8.564524, "side": "buy", "trade_id": "SOLUSDT-1000767"}
