{"event_ts": "2026-06-27T10:23:05.726Z", "symbol": "BTCUSDT", "price": 61008.95, "qty": 0.034983, "side": "buy", "trade_id": "BTCUSDT-1000336"}
{"event_ts": "2026-06-27T10:23:37.062Z", "symbol": "BTCUSDT", "price": 61033.54, "qty": 0.032513, "side": "buy", "trade_id": "BTCUSDT-1000337"}
{"event_ts": "2026-06-27T10:23:01.505Z", "symbol": "BTCUSDT", "price": 61013.31, "qty": 0.006889, "side": "buy", "trade_id": "BTCUSDT-1000338"}
{"event_ts": "2026-06-27T10:23:28.217Z", "symbol": "BTCUSDT", "price": 61007.76, "qty": 0.028082, "side": "sell", "trade_id": "BTCUSDT-1000339"}
{"event_ts": "2026-06-27T10:23:00.429Z", "symbol": "BTCUSDT", "price": 61000.08, "qty": 0.001639, "side": "sell", "trade_id": "BTCUSDT-1000340"}
{"event_ts": "2026-06-27T10:23:22.535Z", "symbol": "BTCUSDT", "price": 60996.91, "qty": 0.027206, "side": "sell", "trade_id": "BTCUSDT-1000341"}
{"event_ts": "2026-06-27T10:23:56.515Z", "symbol": "BTCUSDT", "price": 60985.75, "qty": 0.022234, "side": "sell", "trade_id": "BTCUSDT-1000342"}
{"event_ts": "2026-06-27T10:23:51.285Z", "symbol": "BTCUSDT", "price": 60990.54, "qty": 0.003249, "side": "sell", "trade_id": "BTCUSDT-1000343"}
{"event_ts": "2026-06-27T10:23:57.262Z", "symbol": "BTCUSDT", "price": 61011.28, "qty": 0.002673, "side": "buy", "trade_id": "BTCUSDT-1000344"}
{"event_ts": "2026-06-27T10:23:26.033Z", "symbol": "BTCUSDT", "price": 61015.75, "qty": 0.032967, "side": "sell", "trade_id": "BTCUSDT-1000345"}
{"event_ts": "2026-06-27T10:23:55.960Z", "symbol": "ETHUSDT", "price": 3381.61, "qty": 0.427224, "side": "sell", "trade_id": "ETHUSDT-1000301"}
{"event_ts": "2026-06-27T10:23:30.704Z", "symbol": "ETHUSDT", "price": 3379.77, "qty": 0.452862, "side": "sell", "trade_id": "ETHUSDT-1000302"}
{"event_ts": "2026-06-27T10:23:00.482Z", "symbol": "ETHUSDT", "price": 3379.6, "qty": 0.299754, "side": "buy", "trade_id": "ETHUSDT-1000303"}
{"event_ts": "2026-06-27T10:23:16.605Z", "symbol": "ETHUSDT", "price": 3379.56, "qty": 0.480429, "side": "sell", "trade_id": "ETHUSDT-1000304"}
{"event_ts": "2026-06-27T10:23:43.182Z", "symbol": "ETHUSDT", "price": 3379.29, "qty": 0.38542, "side": "buy", "trade_id": "ETHUSDT-1000305"}
{"event_ts": "2026-06-27T10:23:18.455Z", "symbol": "ETHUSDT", "price": 3380.9, "qty": 0.072778, "side": "sell", "trade_id": "ETHUSDT-1000306"}
{"event_ts": "2026-06-27T10:23:45.769Z", "symbol": "ETHUSDT", "price": 3380.3, "qty": 0.330849, "side": "sell", "trade_id": "ETHUSDT-1000307"}
{"event_ts": "2026-06-27T10:23:18.239Z", "symbol": "ETHUSDT", "price": 3381.86, "qty": 0.390043, "side": "buy", "trade_id": "ETHUSDT-1000308"}
{"event_ts": "2026-06-27T10:23:57.537Z", "symbol": "ETHUSDT", "price": 3382.14, "qty": 0.481237, "side": "sell", "trade_id": "ETHUSDT-1000309"}
{"event_ts": "2026-06-27T10:23:31.792Z", "symbol": "ETHUSDT", "price": 3383.81, "qty": 0.255856, "side": "sell", "trade_id": "ETHUSDT-1000310"}
{"event_ts": "2026-06-27T10:23:16.021Z", "symbol": "ETHUSDT", "price": 3383.58, "qty": 0.218814, "side": "buy", "trade_id": "ETHUSDT-1000311"}
{"event_ts": "2026-06-27T10:23:32.088Z", "symbol": "ETHUSDT", "price": 3383.73, "qty": 0.212318, "side": "buy", "trade_id": "ETHUSDT-1000312"}
{"event_ts": "2026-06-27T10:23:45.171Z", "symbol": "SOLUSDT", "price": 143.67, "qty": 8.459225, "side": "sell", "trade_id": "SOLUSDT-1000317"}
{"event_ts": "2026-06-27T10:23:56.175Z", "symbol": "SOLUSDT", "price": 143.55, "qty": 25.676173, "side": "sell", "trade_id": "SOLUSDT-1000318"}
{"event_ts": "2026-06-27T10:23:02.507Z", "symbol": "SOLUSDT", "price": 143.61, "qty": 39.832901, "side": "sell", "trade_id": "SOLUSDT-1000319"}
{"event_ts": "2026-06-27T10:23:59.081Z", "symbol": "SOLUSDT", "price": 143.64, "qty": 9.405463, "side": "buy", "trade_id": "SOLUSDT-1000320"}
{"event_ts": "2026-06-27T10:23:55.097Z", "symbol": "SOLUSDT", "price": 143.76, "qty": 28.492357, "side": "sell", "trade_id": "SOLUSDT-1000321"}
{"event_ts": "2026-06-27T10:23:35.200Z", "symbol": "SOLUSDT", "price": 143.65, "qty": 29.650847, "side": "buy", "trade_id": "SOLUSDT-1000322"}
{"event_ts": "2026-06-27T10:23:30.403Z", "symbol": "SOLUSDT", "price": 143.71, "qty": 16.09025, "side": "buy", "trade_id": "SOLUSDT-1000323"}
{"event_ts": "2026-06-27T10:23:57.881Z", "symbol": "SOLUSDT", "price": 143.75, "qty": 33.292037, "side": "sell", "trade_id": "SOLUSDT-1000324"}
{"event_ts": "2026-06-27T10:23:28.396Z", "symbol": "SOLUSDT", "price": 143.79, "qty": 23.123115, "side": "buy", "trade_id": "SOLUSDT-1000325"}
{"event_ts": "2026-06-27T10:23:54.308Z", "symbol": "SOLUSDT", "price": 143.76, "qty": 12.703038, "side": "buy", "trade_id": "SOLUSDT-1000326"}
{"event_ts": "2026-06-27T10:23:46.685Z", "symbol": "SOLUSDT", "price": 143.72, "qty": 19.560841, "side": "buy", "trade_id": "SOLUSDT-1000327"}
{"event_ts": "2026-06-27T10:23:57.498Z", "symbol": "SOLUSDT", "price": 143.68, "qty": 27.829663, "side": "buy", "trade_id": "SOLUSDT-1000328"}
{"event_ts": "2026-06-27T10:23:51.440Z", "symbol": "SOLUSDT", "price": 143.54, "qty": 23.005816, "side": "sell", "trade_id": "SOLUSDT-1000329"}
{"event_ts": "2026-06-27T10:23:57.505Z", "symbol": "SOLUSDT", "price": 143.44, "qty": 27.320355, "side": "sell", "trade_id": "SOLUSDT-1000330"}
{"event_ts": "2026-06-27T10:23:30.443Z", "symbol": "SOLUSDT", "price": 143.3, "qty": 23.329047, "side": "sell", "trade_id": "SOLUSDT-1000331"}
{"event_ts": "2026-06-27T10:23:05.398Z", "symbol": "SOLUSDT", "price": 143.42, "qty": 11.346146, "side": "buy", "trade_id": "SOLUSDT-1000332"}
{"event_ts": "2026-06-27T10:23:36.658Z", "symbol": "SOLUSDT", "price": 143.37, "qty": 12.296395, "side": "sell", "trade_id": "SOLUSDT-1000333"}
{"event_ts": "2026-06-27T10:23:52.463Z", "symbol": "SOLUSDT", "price": 143.3, "qty": 11.492539, "side": "sell", "trade_id": "SOLUSDT-1000334"}
{"event_ts": "2026-06-27T10:23:39.864Z", "symbol": "SOLUSDT", "price": 143.19, "qty": 5.40064, "side": "sell", "trade_id": "SOLUSDT-1000335"}
{"event_ts": "2026-06-27T10:23:36.246Z", "symbol": "SOLUSDT", "price": 143.15, "qty": 18.11254, "side": "buy", "trade_id": "SOLUSDT-1000336"}
